2675 4584
206 186 286 271 128
406 259 410 268 ,
511 210 683 275 ononuu
712 210 953 275 nuntnmnn

198 366 325 447 τάχθη,
346 358 366 424 δ
384 356 440 425 καὶ
458 360 588 435 δικαίως
607 362 774 445 σ’φειλομεν
794 356 885 445 ἡμεῖς
905 365 1035 443 ποιησαι
1055 359 1145 427 ου’τό.
1190 364 1293 444 όρχσ-

199 469 301 545 μεύαν
322 452 378 525 οὖν
398 459 443 533 εἷς
463 456 521 542 τὴν
542 460 781 543 Πελοπόννησον
810 462 852 547 τῷ
871 464 932 541 μὲν
952 452 1035 545 ἢμην
1056 463 1182 538 τελείως
1203 462 1292 525 διτο-

198 560 337 645 χεόριος,
359 557 402 633 τός
421 565 591 642 προεῖπον,
622 561 666 646 τῷ
687 561 722 624 δὲ
743 555 847 647 α’γάπη
868 559 923 625 κατ’
942 560 1046 624 όλπόδι
1066 560 1292 643 προσαπόβλε-

198 684 259 725 πον
277 656 384 724 ου’τόν.

276 759 512 832 ’Λποσουθέντες
529 747 585 821 oris
605 758 652 832 εἷς
671 752 913 841 Πελοπόννησον
932 762 988 824 καί
1005 758 1087 823 κατά
1107 760 1166 824 τοῦ
1184 752 1328 826 τόπου5

198 857 318 935 παντός
339 860 396 922 τοῦ
416 852 499 930 ἐντός
520 854 763 939 Πελοποννήσου
788 853 822 930 ilc
841 854 903 919 όπό
922 858 979 921 τοῦ
999 856 1150 923 δεσπότου
1171 856 1292 941 Καρό-

199 967 255 1025 λου
277 960 447 1043 ἑκρρτεῖτο,
469 951 657 1033 ἐπελθόντες
676 948 734 1021 οὖν
760 954 874 1030 πάντες
895 954 925 1020 ol
944 956 1097 1021 αὐθένται
1117 959 1172 1021 κατ’
1190 956 1290 1021 άδελ-

196 1060 256 1147 ηιοί
273 1056 329 1123 κατ’
353 1054 471 1138 βουλὴν
499 1053 704 1138 ποιησάμενοι
736 1055 901 1138 τοιαύτην,
931 1054 975 1139 μη
1005 1058 1199 1139 θαρροῦντες
1219 1054 1286 1139 γάρ

195 1154 332 1231 τάκόλας
359 1154 515 1231 ὑποτάξαι
543 1151 598 1218 τόν
624 1155 721 1219 τόπον
753 1154 863 1227 αάτοῑς
889 1149 923 1219 όν
956 1150 1040 1237 εἶχεν
1072 1150 1088 1219 ό
1113 1152 1287 1239 Κάρολος,

194 1250 312 1339 δμοιίυς
331 1256 387 1319 κατ’
404 1250 501 1328 ου’τός
514 1254 572 1317 ου’κ
593 1250 724 1336 ἐθάρρει
744 1255 919 1337 δυνηθῆναι
934 1252 1072 1339 φυλάξαι
1092 1252 1147 1319 τόν
1165 1252 1287 1319 ε’σίλοι-
1304 1279 1335 1319 ιι

193 1380 251 1421 πον
270 1351 361 1419 τόπον
388 1351 443 1418 τόν
471 1353 720 1432 ε’ναπομεάναντα
749 1351 853 1438 αὐτῷ·
907 1358 964 1416 κατ’
979 1376 1066 1428 τινας
1094 1357 1157 1417 τοῖν
1178 1354 1287 1417 αάτοῦ

193 1458 296 1521 τόπων
327 1449 440 1533 ἔλαβον
468 1448 498 1516 οἱ
526 1450 615 1534 ἡμῶν
644 1448 797 1516 αὐθένται
805 1501 816 1533 ,
843 1454 889 1527 εἰς
910 1448 1085 1533 συμβάσεις
1104 1448 1286 1533 ἐλθόντων,

195 1557 251 1619 κατ’
270 1549 498 1635 ιόδοκηοαντος
524 1554 581 1614 τοῦ
600 1552 749 1616 δεσπότου
777 1548 836 1636 κόρ
858 1552 1102 1617 Κυνσταντόνου
1123 1554 1174 1617 ἳνα
1199 1552 1285 1639 λάβῃ

195 1656 242 1728 εἰς
262 1654 393 1734 νόμιμον
413 1659 547 1732 γυναῖκα
568 1648 626 1733 την
647 1649 785 1731 α’νεψιόν
803 1652 896 1713 τοῦδε
916 1653 974 1714 τοῦ
994 1648 1147 1715 δεσπότου
1169 1646 1286 1733 Καρό-

195 1760 272 1832 λου,
293 1755 350 1815 καί
366 1744 426 1815 όσα
448 1742 488 1813 άν
509 1740 577 1831 εἶχε
596 1743 719 1831 κάστρα
740 1750 786 1823 εἰς
805 1748 860 1833 την
872 1750 1115 1833 Πελοπόννησον
1134 1749 1216 1835 λάβῃ
1238 1750 1286 1823 εἰς
1302 1756 1336 1817 15

194 1861 325 1934 προῖκαν
348 1847 444 1930 αὐτῆς
451 1896 461 1928 ,
482 1842 565 1911 oriem
584 1850 750 1933 γενομένης
768 1849 823 1932 τῆς
842 1849 1038 1935 συμφωνίας.
1082 1851 1145 1933 (υ)
1165 1849 1204 1935 τῇ
1225 1839 1287 1911 οὖν

194 1950 301 2037 πριότη
323 1948 435 2012 Μαΐου
454 1946 511 2010 τοῦ
531 1946 633 2011 atreo
652 1944 744 2022 ἔτους
773 1950 919 2022 σταλθείς
942 1944 1002 2030 e'yni
1026 1948 1205 2031 παρέλαβον
1226 1944 1287 2031 την

193 2048 406 2130 Γλαρέντζαν,
427 2043 483 2108 sol
502 2034 593 2108 άλλοι
612 2040 724 2109 τάλλα.
747 2048 802 2110 κατ’
814 2048 1108 2129 ἐπαναστρὲψαντες
1119 2047 1164 2121 εἰς
1174 2042 1287 2131 Σπάρ-

193 2171 248 2229 την
272 2148 429 2229 ἐνηργεῖτο
444 2146 502 2238 Ιἵνα
524 2144 605 2231 λάβη
625 2142 660 2208 τό
684 2140 858 2225 μουαχικόν
879 2148 987 2227 σχῆμα
1010 2142 1026 2207 ό
1050 2142 1201 2229 δεσπότης
1221 2144 1283 2228 κόρ

167 2246 378 2329 corrumpor,
408 2241 463 2309 καὶ
488 2239 605 2329 τρόπον
623 2241 679 2308 καί
706 2240 864 2327 Ιάναβοληο
884 2240 1040 2329 ποιήσωσι
1059 2247 1117 2309 τοῦ
1136 2250 1328 2329 crapula-2

269 2472 290 2505 ι.
309 2452 417 2526 ὀφείλει
435 2452 508 2527 ἡμᾶς
522 2453 553 2505 Μ
653 2468 678 2505 τ.
702 2453 741 2524 τῷ
763 2452 818 2526 ptr
841 2482 877 2495 -
899 2456 939 2514 ele
956 2452 1179 2519 Πελοπόννησον
1200 2455 1282 2507 omP

263 2527 290 2577 6.
310 2520 419 2585 παντὸς
433 2540 476 2576 om
495 2525 515 2577 P
615 2524 647 2579 ἐν
663 2523 874 2597 Πελοποννήσῳ
893 2525 923 2576 tt
1020 2528 1045 2577 8.
1064 2528 1234 2593 ποιήσαντες
1251 2526 1280 2577 Μ

268 2612 306 2647 ιι.
324 2592 376 2649 τόν
392 2596 480 2651 τόπον
498 2591 532 2651 δν
549 2594 675 2659 ἐκέκτητο
691 2598 754 2651 ἐπεί
768 2614 847 2655 τινας
866 2596 885 2647 P
966 2612 1004 2646 sn.
1023 2589 1109 2661 ἦλθον
1131 2598 1150 2648 P
1240 2598 1278 2648 15.

261 2670 310 2720 καλ
326 2660 357 2719 τό
377 2668 603 2738 ἐναπομείναντα
622 2668 653 2719 ἐν
664 2667 695 2739 τῇ
705 2666 915 2735 Πελοποννήσῳ
934 2664 1007 2735 αὐτῷ
1024 2665 1164 2737 κάστραΡ
1240 2672 1277 2721 ro.

263 2736 342 2792 οὔπα
359 2736 388 2789 Μ
477 2740 515 2791 re.
535 2736 652 2806 ἕτεροί)
746 2752 782 2804 ¹9·
802 2740 849 2793 ἵνα
869 2768 903 2777 -
929 2736 1088 2810 Θεόδωρος]
1109 2728 1139 2792 τό
1157 2736 1207 2791 τοῦ
1224 2754 1278 2809 μο-

260 2808 377 2879 ναχικοῡ
396 2808 537 2881 σχήματος
554 2808 604 2862 τοῦ
624 2806 761 2862 δεσπότου
778 2812 874 2882 κυρίου
893 2807 1040 2878 Θεοδώρου
1059 2808 1079 2859 P

191 3012 264 3049 cesse
284 3002 326 3049 est
348 2994 422 3064 opud
438 3012 487 3048 me.
509 3012 585 3060 esse,
606 2992 833 3065 quemadmodum
856 2994 922 3046 iussi
946 3009 1036 3046 sumus
1061 2991 1096 3045 ab
1113 2994 1277 3063 imperatore

190 3082 295 3137 nosque
316 3065 404 3117 fecere
424 3063 525 3118 decet?
564 3084 627 3117 uum
644 3066 726 3133 igitur
753 3067 782 3117 ln
799 3065 1011 3134 Peloponnesum
1031 3066 1277 3133 proficisceremur,

189 3138 324 3223 sinciput
336 3145 398 3188 oute
414 3136 480 3202 dixi,
494 3083 615 3208 perlecto
625 3135 855 3207 obtemperebrsm,
875 3136 987 3187 alterum
999 3152 1059 3187 curn
1077 3152 1165 3187 amore
1182 3144 1212 3189 et
1228 3154 1276 3207 spe

190 3208 450 3346 wwlcllellslinlgitur
468 3277 497 3328 ln
516 3276 750 3346 Peloponnesum,
771 3273 885 3326 vidimus
906 3274 965 3327 luco
985 3277 1084 3339 omnis,
1101 3292 1171 3346 quae
1191 3294 1206 3327 a
1226 3275 1275 3327 ca.

192 3350 250 3402 rolo
271 3350 384 3419 despota
406 3347 574 3401 tenebuntur.
592 3356 649 3400 turn
675 3346 811 3417 principes
837 3354 865 3396 et
890 3345 986 3399 lrntres
1007 3362 1115 3408 ornnes,
1140 3346 1275 3398 delibere-

189 3421 266 3473 tione
287 3420 394 3481 habita,
423 3436 507 3488 quum
529 3425 634 3487 partem
655 3435 672 3468 a
698 3416 794 3469 Catulo
822 3425 977 3484 occupatum
1004 3417 1128 3483 subigere
1147 3434 1176 3468 ee
1197 3434 1274 3485 posse

190 3489 357 3551 diffiderent,
374 3506 425 3541 nec
444 3490 492 3540 ille
509 3488 676 3551 confideret,
695 3504 723 3539 se
751 3494 833 3538 coum
852 3488 921 3538 tueri
940 3503 1034 3556 posse,
1053 3489 1178 3556 pectione
1197 3488 1275 3550 luctu,

125 3601 127 3608 .
189 3561 275 3615 nostri
303 3562 439 3630 principes
466 3560 599 3611 nonnulla
625 3557 659 3609 sb
681 3558 729 3609 illo
749 3557 806 3608 luca
832 3566 1006 3625 occeperunt;
1027 3558 1186 3627 placuitque
1205 3559 1276 3610 Con-

189 3632 310 3683 succino
328 3631 474 3701 despotae,
491 3639 524 3681 ut
541 3626 660 3681 eiusdem
679 3627 867 3679 consobrinum
887 3628 1010 3696 legitimo
1029 3628 1082 3679 sibl
1102 3630 1275 3681 matrimonio

189 3701 329 3768 iungeret,
346 3710 375 3753 et
392 3716 569 3771 quaecunque
589 3699 637 3751 ille
654 3708 740 3751 castra
760 3698 789 3749 in
805 3698 991 3768 Peloponneso
1008 3696 1137 3763 heberet,
1154 3716 1185 3751 ee
1204 3699 1275 3751 dotis

189 3772 300 3823 nomine
327 3773 474 3891 reciperet:
503 3771 601 3841 quibnr
628 3771 738 3840 quidem
762 3768 966 3821 conditionibus
998 3770 1142 3821 concordia
1171 3771 1275 3823 firmate

190 3850 240 3892 est.
286 3844 336 3909 (s.)
352 3858 383 3893 cs
396 3842 473 3893 endis
490 3843 573 3911 igitur
593 3841 661 3893 etati
680 3838 800 3892 eiusdem
820 3840 884 3891 enni
902 3842 999 3893 missus
1018 3856 1066 3909 ego
1085 3841 1275 3904 (liuentem,

190 3910 237 3963 siti
255 3912 359 3981 reliqua
379 3911 439 3962 loca
464 3920 632 3982 receperunt.
668 3911 790 3981 Spartam
817 3912 929 3971 reversi,
957 3911 1093 3979 principes
1111 3913 1140 3963 in
1158 3912 1210 3963 hoc
1228 3930 1275 3965 oc-

190 3982 472 4051 copasostnveuimm,
493 3991 523 4034 ut
533 3980 693 4035 Theodorus
712 3981 824 4050 despota
842 3980 1017 4032 monasticum
1036 3981 1160 4034 habitum
1179 3982 1275 4034 indue·

190 4060 242 4117 set,
264 4052 449 4122 rationemque
468 4070 499 4104 ec
516 4053 587 4107 ulem
604 4052 767 4116 invenirent,
785 4066 838 4121 quo
858 4051 954 4104 Petrae
972 4050 1176 4122 subigerentur,
1199 4056 1274 4105 loeus
