2675 4584
197 263 283 348 516
506 287 672 352 rourum
708 277 981 352 mteuosme

192 464 266 525 ρον,
290 442 336 514 είς
365 431 430 504 οἷον
451 429 492 502 ἀν
514 461 563 514 τις
590 435 747 521 χρήσαιτο
774 431 887 512 πίθος.
928 431 1009 516 πλὴν
1030 431 1187 519 ιἀλλ’-σύν
1205 433 1280 498 ἑδύ-
1321 457 1322 462 ’

130 548 284 619 ιὸγναντο
307 535 364 624 την
389 540 452 603 τάν
479 535 592 620 μύρων
616 534 718 622 πηγὴν
738 532 834 620 ξηρόν
854 535 911 598 καί
936 527 1067 614 ἀνικμον
1088 533 1278 618 ἀποφῆναι,

188 643 302 724 καίπερ
322 637 423 703 πολύν
450 633 529 720 ύπὲρ
552 633 664 700 τούτου
685 633 865 716 ποιούμενοι
883 631 935 722 rip
955 634 1071 717 ἀγῶνα.
1115 634 1173 696 καί
1195 630 1277 694 einri-

187 762 267 814 τως·
328 737 370 801 ού
396 734 459 819 γὰρ
495 735 550 802 ἴσα
585 743 650 809 τοῖς
677 733 886 818 ἀνθρωπίνοις
913 731 953 796 roi
986 730 1066 816 πρός
1099 733 1182 794 θεοῦ
1210 738 1278 805 τοῖς

186 840 287 914 ἀξιλιις
307 837 540 921 κεχαρισμένα,
569 833 738 920 ἐπειδήπερ
766 835 848 919 μηδὲ
874 841 939 909 τοῖς
961 832 1071 908 αὐτοῖς
1091 826 1299 902 ύπόιιεινταιὸ

187 931 287 1024 όροις.

273 1032 396 1119 Ταύτην
410 1032 468 1120 την
487 1033 626 1118 πονηρὰν
642 1035 836 1110 ἐπεδείξαντο
851 1030 977 1117 γνοόμην
994 1033 1050 1096 καί
1067 1029 1141 1115 περί
1160 1027 1197 1094 τό
1219 1031 1276 1112 τῆς

183 1132 276 1211 ὁσίας
292 1137 348 1198 καί
364 1133 595 1217 μορσβλητιδος
617 1131 787 1216 Θεοόοόρας
804 1129 972 1218 ίεριότατον
992 1134 1157 1212 λείψανον,
1179 1125 1198 1194 ὃ
1218 1131 1272 1192 καί

182 1233 226 1309 οἷς
247 1237 397 1318 ἐπιπολῆς
426 1237 568 1316 κείμενον
597 1233 759 1318 ἀπερρίφη
781 1257 816 1297 τε
835 1230 914 1298 κατὰ
934 1235 1008 1316 γῆς,
1032 1225 1061 1294 u‘i
1079 1226 1196 1313 τόλμης
1217 1227 1272 1292 καί

178 1336 305 1418 μιαρῶν
322 1342 451 1418 χειρῶν,
470 1337 527 1398 καί
538 1330 765 1416 κατεθραύσθη
780 1335 824 1410 εἰς
845 1335 936 1417 μέρη,
959 1330 981 1396 ci
1001 1329 1040 1415 dr}
1054 1335 1109 1395 καί
1128 1331 1196 1394 τεόν
1215 1351 1267 1414 φι-
1280 1352 1309 1392 ιο

179 1435 299 1498 λοθὲιον
319 1435 401 1508 τινὲς
420 1429 601 1513 ἀνελόμενοι
620 1426 716 1508 ἀλλος
737 1435 798 1512 μὲν
818 1433 962 1514 ἀλλαχοῦ
982 1429 1132 1516 πρότερον
1154 1428 1199 1506 ιύς
1219 1429 1268 1492 in·

177 1540 282 1614 τρεῖον
300 1521 442 1611 ἀμισθον1
458 1527 669 1611 ἀπεκύμισαν·
711 1525 841 1612 ὕστερον
863 1531 898 1622 di
918 1531 974 1596 καί
991 1533 1094 1594 ταῦτα
1113 1529 1268 1610 συνῆκται
1321 1565 1322 1590 ι

176 1635 240 1696 τῶν
264 1629 438 1717 είληφότων
458 1635 519 1696 τῶν
536 1633 596 1709 μὲν
626 1631 831 1712 ἀποδομένων
851 1635 953 1694 ταῦτα
974 1631 1067 1712 τιμῆς
1086 1631 1265 1712 ἀργυρίων,
1321 1621 1322 1694 i

174 1731 239 1792 τοῖν
266 1732 303 1794 di
329 1733 556 1812 χαρισαμὲνων
584 1731 626 1793 δι’
647 1727 688 1813 ἢν
708 1727 802 1811 ἔσχον
821 1727 972 1816 φιλόθεον
994 1727 1139 1813 γνοόμην,
1162 1726 1186 1794 ἀ
1212 1729 1267 1791 καί

173 1830 220 1902 είς
237 1825 309 1904 ἑνός
333 1822 432 1904 αὖθις
450 1832 713 1914 συναρμοσθέντα
741 1827 886 1908 σώματος
919 1827 1101 1910 όλομέλειαν
1130 1825 1301 1909 &nond-m

174 1950 240 1991 των
259 1929 398 2018 ἐνεργείᾳ
431 1930 506 1992 καθ’
526 1924 667 2013 ἑκάστην,
686 1922 834 2014 ἀφθόνως
869 1926 1062 2012 πηγύζοοσιν
1093 1929 1140 2004 είς
1168 1929 1262 2005 δόξαν

173 2028 228 2100 ναί
249 2019 345 2101 αὖθις
365 2031 423 2093 τού
442 2025 546 2093 πάντα
566 2030 664 2094 πᾶσιν
685 2027 850 2110 ἀπάγοντος
870 2026 974 2112 λόγοις
997 2030 1177 2110 οἰκονομίας
1198 2028 1259 2112 ἀρ-

173 2147 280 2208 ρητοα.

256 2221 307 2301 ιζ.
352 2220 480 2288 Τούτων
500 2218 585 2288 ούτω
598 2225 832 2309 προβεβηκότων
851 2229 907 2291 καί
916 2227 1071 2307 ἀκοσμίας
1083 2224 1190 2310 πάσης
1207 2247 1257 2308 γε·

170 2323 340 2404 γενημὲνης
372 2320 442 2407 (διὰ
471 2320 598 2388 πάντων
621 2325 684 2406 γὰρ
714 2326 776 2390 coir
798 2328 832 2390 ἐν
859 2328 897 2411 τῇ
922 2324 1010 2389 πόλει
1038 2328 1220 2408 κεχοίρηιιεν
1238 2324 1297 2408 η’το

170 2416 377 2504 καταφθορά)
407 2415 511 2484 οἶκτον
541 2425 598 2486 ε’πί
626 2422 747 2499 τούτοις
775 2423 793 2486 ό
817 2427 993 2509 Μοσράτης
1025 2422 1183 2505 λαμβάνει
1203 2427 1257 2505 τῆς

170 2515 302 2594 πόλεως.
342 2519 398 2583 ναί
416 2520 529 2605 πρῶτα
549 2524 609 2602 μὲν
635 2519 712 2598 τούς
732 2522 886 2599 εἰσιόντας
908 2521 976 2604 ἀμιι
997 2527 1041 2612 τῷ
1061 2521 1145 2586 κατὰ
1167 2523 1256 2588 δύσιν
1321 2551 1322 2620 η

170 2818 205 2871 ab
223 2818 342 2888 expertis
360 2818 521 2872 audieerant
537 2819 573 2871 acl
590 2820 730 2890 quoslibet
743 2819 850 2874 morbos
860 2821 1065 2875 medicinalibus
1081 2813 1153 2893 ipsis
1172 2823 1252 2894 pltar-

169 2893 251 2942 nmcie
267 2890 354 2941 multo
384 2891 516 2942 ellicaciue
534 2909 601 2943 erse.
645 2893 821 2950 nihilominus
843 2903 1041 2960 unguentorum
1071 2893 1174 2948 sontem
1199 2913 1252 2947 non

168 2969 283 3030 potuere
300 2978 390 3030 neque
414 2963 548 3013 exsiccare
575 2979 665 3032 neque
684 2964 835 3026 exinanire,
861 2967 980 3034 quamvis
1009 2963 1038 3016 id
1058 2967 1253 3018 contentiosior

169 3033 338 3102 multumque
365 3049 414 3100 per
432 3039 537 3101 tempus
561 3034 722 3084 niterentur.
748 3043 777 3086 et
802 3036 912 3088 merito:
938 3051 973 3087 ne
995 3051 1029 3087 ue
1048 3037 1121 3088 enim
1140 3037 1253 3088 humana

171 3112 324 3170 exaequant
342 3120 413 3172 quae
431 3101 498 3154 (leue
511 3101 601 3171 <liguis
621 3105 762 3172 elargitur,
780 3105 860 3157 sicuti
873 3123 924 3158 nec
936 3051 1031 3160 iisdem
1051 3110 1171 3162 terminio
1190 3107 1253 3162 aub-

170 3174 269 3226 iacent.

259 3242 333 3292 ldem
351 3239 404 3292 hoc
420 3242 555 3294 nefarium
574 3243 677 3296 lacinus
698 3245 768 3298 circa
786 3253 894 3298 nanctae
908 3254 936 3298 et
952 3247 1142 3316 myroblytidie
1159 3249 1253 3302 Theo·

169 3311 251 3364 dorae
269 3313 440 3364 sacerrimum
457 3312 570 3364 cadaver
587 3323 721 3384 patratum
739 3323 795 3380 eet,
814 3317 887 3386 quod
905 3333 963 3368 cum
982 3319 1009 3369 in
1025 3321 1165 3388 superficie
1182 3322 1253 3372 iare-
1321 3321 1322 3338 ³

169 3391 221 3445 ret,
238 3383 297 3433 eolo
313 3391 474 3451 prostratum
488 3386 515 3452 (o
534 3382 682 3448 arrdacinm,
705 3403 722 3438 o
743 3405 837 3438 merrus
856 3388 1028 3440 exsecrandae
1036 3389 1055 3460 l)
1074 3398 1103 3442 et
1120 3393 1149 3443 in
1169 3391 1253 3442 variae

167 3463 259 3522 partes
278 3453 440 3522 discerptum
456 3463 510 3517 ert,
529 3473 595 3524 quae
614 3456 651 3525 pii
669 3455 793 3508 hominen
812 3467 985 3520 assumentes,
1004 3459 1073 3510 atius
1094 3461 1150 3514 elio
1169 3463 1253 3532 priua,

168 3532 215 3576 tan
237 3541 298 3576 uam
324 3525 400 3576 nullo
425 3513 548 3576 mercede
575 3527 735 3578 conductam
758 3527 919 3580 medicinam
944 3539 1130 3599 asportarunt,
1158 3541 1253 3604 postea

170 3541 281 3644 eaedem
315 3595 491 3658 recollectae,
513 3597 561 3664 qui
588 3596 746 3657 habuerant,
772 3597 833 3650 aliie
853 3599 941 3667 pretio
959 3602 1172 3664 restituentibus,
1192 3603 1252 3653 aliis

170 3665 251 3731 gretie
269 3665 396 3718 dantibus
414 3675 525 3736 propter
543 3683 574 3717 ea
593 3683 662 3736 quae
681 3667 710 3719 in
728 3684 757 3718 ιο
780 3667 938 3721 nutriebant
957 3671 1001 3739 pia
1020 3674 1144 3736 consilia,
1162 3673 1251 3724 denno

169 3736 200 3786 in
218 3751 299 3784 utram
316 3737 416 3804 integri
441 3738 560 3806 corporis
587 3737 701 3788 formam
728 3741 894 3806 compositae
920 3741 1109 3794 miraculorum
1137 3741 1252 3796 efficacia

169 3803 295 3872 quotidie
319 3808 459 3859 allluenter
489 3807 682 3869 innotescunt,
708 3807 736 3858 in
762 3809 872 3876 gloriam
898 3829 986 3862 rursus
1005 3813 1078 3878 elue,
1097 3815 1144 3884 qui
1163 3815 1252 3867 omnia

169 3875 288 3927 omnium
306 3878 376 3942 regit
393 3878 601 3946 moderaturque
617 3893 682 3928 sune
699 3878 885 3948 providentiae
908 3881 1084 3936 inenarrabili
1105 3885 1219 3938 ratione.

243 3965 281 4014 ¹7·
318 3947 367 3996 llis
394 3946 447 3999 hoc
465 3947 546 3998 modo
566 3947 693 4017 peractis,
721 3949 900 4020 omnibusque
915 3953 1099 4024 incompositio
1117 3973 1148 4008 ac
1163 3957 1252 4026 turpi-

169 4024 213 4070 ter
229 4015 395 4075 deformatis,
413 4033 462 4084 per
480 4019 569 4070 omnia
587 4018 733 4087 siquidem,
748 4037 819 4088 qrrne
837 4023 866 4073 in
884 4022 949 4074 urbe
967 4031 1052 4086 erant,
1071 4023 1162 4079 clades
1181 4043 1253 4092 grae-

171 4097 229 4138 eata
246 4095 297 4146 eet,
314 4085 426 4135 alllictae
443 4088 559 4139 civitatis
578 4087 704 4140 fortunae
722 4089 854 4143 Muratem
880 4093 915 4144 ad
935 4094 1146 4148 misericordiem
1166 4097 1252 4148 allici-

171 4166 229 4208 nnt.
267 4165 295 4208 et
312 4156 427 4227 primum
447 4157 557 4227 quidem
574 4159 622 4230 qui
639 4175 700 4212 cum
718 4177 825 4242 occentu
853 4163 921 4218 duce
939 4164 1130 4235 immigrarent,
1150 4168 1253 4242 quique
