2675 4584
211 181 294 266 352
521 205 694 274 neuneu
727 203 966 268 tantumn

209 360 293 425 ἔστιν
313 355 331 421 δ
353 357 434 444 δνῆρ
454 361 509 423 καί
527 353 548 443 ἦ
570 353 682 422 τούτου
696 355 792 438 γονῆ·
814 353 874 436 μαἰι
898 355 1003 420 δὲκαὶ
1020 359 1136 422 πολλαί
1156 355 1198 420 σά
1223 359 1318 422 raai-

208 459 274 524 τόν.
318 462 350 526 εἰ
371 462 399 523 δ’
420 456 496 532 ἴσως
517 461 572 520 καί
591 451 608 518 o‘
632 455 806 537 νομοθέτης
820 455 965 536 Μαδσῆς
985 458 1116 520 ἐνέδωκε
1136 466 1206 532 τοῖς
1225 457 1316 522 Ἰοα-

208 559 310 632 δαίοις
343 556 429 640 ἔχειν
463 560 518 622 ἕνα
548 557 679 620 ἕκαστον
704 561 871 636 γυναῖκας,
899 554 1164 636 σιιγκατιιβάσεως
1196 555 1316 620 ἕνεκεν

209 661 304 723 τοῦτο
326 655 514 741 πεποίηκεν,
533 649 640 737 ιδ’σκερ
669 652 725 716 καί
743 650 798 718 δαί
816 654 873 736 τῆς
892 655 955 716 τοῖν
978 655 1067 732 ζώων
1087 659 1227 736 δοσιας,
1250 655 1314 718 ἵνα

208 759 266 839 τῆς
287 759 405 840 μιαρᾶς
429 753 591 840 ἀπαλλάξῃ
613 750 730 824 αάτούς
750 755 811 816 τῶν
831 749 952 815 παίδων
971 758 1177 839 μιαιφονίας·
1224 754 1246 816 u‘
1270 757 1338 816 δὲ“

211 855 351 938 Χριστὸς
374 851 488 933 ἐλθόν,
515 850 622 935 ὥσπερ
645 852 782 915 ἐκώλυσε
802 849 861 934 τῆν
880 853 944 915 cdiv
970 852 1198 935 ζάωνθνσίαν,
1222 861 1314 935 πλη-

211 951 276 1034 ροάν
298 951 350 1018 τὸν
370 959 429 1017 τοῦ
447 955 548 1035 νόμον
569 949 695 1030 σκοπόν,
720 946 817 1026 οὕτως
843 953 898 1014 καί
918 949 976 1034 τῆν
998 953 1197 1032 πολογομίαν
1220 953 1312 1016 ἕκιά-

210 1059 313 1117 λυσεν.
343 1051 361 1116 δ
382 1054 418 1116 δὲ
432 1049 586 1131 Μωάμιδ
606 1051 714 1115 οὑτοσί
734 1049 806 1113 duri
822 1048 1032 1134 σωφροσύνης
1055 1045 1229 1115 ἀκολασίαν
1253 1075 1312 1114 νε.

210 1155 397 1236 νομοδέτηκε
410 1151 454 1233 μῆ
487 1152 584 1231 μόνον
617 1151 650 1214 ἕν
671 1151 715 1235 τῷ
736 1147 866 1232 παρόντι
886 1151 994 1229 αἰῶνι,
1023 1149 1105 1214 α’λλά
1126 1149 1180 1214 καί
1198 1152 1237 1215 ἐν
1259 1155 1312 1238 api

210 1254 354 1331 μέλλοντι
375 1256 476 1316 ταῦτα
497 1248 583 1334 παρά
606 1252 685 1313 θεοῦ
705 1251 1041 1332 πολλαπλασιασθῆναι
1062 1249 1202 1328 διδάξας.
1249 1253 1335 1313 καίι

211 1348 294 1416 ἔστιν
317 1351 395 1414 idcir
415 1354 449 1413 ἐν
469 1338 557 1438 calepi
579 1346 613 1414 ιδ
626 1351 683 1413 τοῦ
701 1347 808 1429 Δαβίδ
828 1345 931 1430 λόγιον
944 1346 978 1412 τά
999 1350 1119 1434 φάσκον
1139 1347 1187 1413 δτι
1208 1350 1310 1415 δπαι.

211 1459 308 1514 νεῖται
332 1448 555 1532 ὁάμαρτωλὸς
576 1453 609 1513 ἐν
629 1457 699 1521 ταῖς
720 1447 907 1528 ἐπιθυμίαις
925 1451 982 1531 τῆς
1003 1452 1110 1532 ψυχῆς
1123 1449 1226 1512 αὑτοῦ
1248 1452 1312 1512 καί

210 1548 227 1615 ά
252 1549 370 1613 ἀδικοῦν
392 1549 628 1629 δνεολογιϊτιτι,”
646 1549 804 1624 τονιέσςιν
831 1547 1007 1610 ἐπαινεῖται
1029 1546 1083 1610 καί
1103 1547 1309 1630 ἐγκωμιάζει

191 1674 263 1714 ,ται
287 1647 374 1732 παρά
386 1651 450 1711 τῶν
461 1650 693 1711 κολακευόντων
713 1644 805 1710 ου’τὸν
821 1649 875 1710 καί
890 1643 1095 1730 ἑριθιζόντων
1115 1648 1220 1711 αὐτοῦ
1244 1645 1309 1729 τῆν

211 1749 323 1813 κακίαν
343 1751 398 1812 καί
409 1751 489 1831 μηδὲ
502 1745 651 1830 αἴσθησιν
673 1749 728 1828 τῆς
747 1745 842 1809 νάσου
857 1749 931 1828 γοῦν
953 1744 1005 1808 διά
1020 1750 1142 1828 σιωπῆς
1164 1749 1304 1828 ἑμποιῆ-
1323 1769 1331 1808 ι

212 1874 268 1915 σαι
289 1848 495 1930 ἀνεχομένων.
538 1843 586 1909 διά
612 1846 667 1908 καί
687 1845 811 1918 α’νίατσς
842 1843 858 1908 ά
880 1849 1018 1920 τοιοῦτος
1038 1842 1240 1928 εδρίσκεται·
1265 1843 1304 1908 τά

211 1947 272 2031 γάρ
299 1951 381 2030 μηδὲ
413 1949 563 2030 αἴσθησιν
591 1947 648 2010 τοῦ
669 1942 791 2018 πάθους
817 1941 891 2025 ἕχον
922 1948 1095 2030 θεραπείαν
1117 1937 1190 2007 οὔτι
1215 1947 1312 2026 ζητεῖ

213 2041 284 2110 οὔτε
305 2045 477 2126 προσίεται.
530 2049 585 2108 καί
604 2039 697 2107 τοῦτό
720 2048 787 2107 ἐστι
809 2042 843 2106 τά
865 2044 992 2107 πάντων
1011 2045 1199 2122 δεινότατον,
1225 2039 1308 2105 ὅταν

213 2145 346 2228 ῆκακία
380 2147 543 2227 ἐπαινῆται
575 2146 629 2208 καί
655 2143 735 2224 μηδὲ
758 2145 851 2205 κακία
873 2136 954 2206 εἶναι
974 2143 1157 2226 νομίζηται·
1200 2136 1307 2222 ὁγὰρ

214 2247 369 2328 δηλωθτίς
395 2243 546 2323 Mucius&
570 2242 606 2307 τά
630 2239 706 2323 πρὸς
726 2242 822 2324 χάριν
841 2244 896 2305 καί
912 2245 1023 2326 τέρψιν
1041 2245 1103 2306 τῶν
1125 2237 1307 2322 ἀνθρώπων

216 2342 392 2410 ἐσπούδασε
415 2342 469 2406 καί
488 2345 641 2422 ἐδίδαξεν,
658 2345 712 2405 ἵνα
744 2340 797 2404 διά
820 2342 874 2424 τῆς
896 2340 1010 2425 ἡδονῆς
1031 2341 1243 2424 ἐπισπάσηται
1267 2333 1307 2402 τὸ

213 2448 335 2527 πλῆθος
356 2447 417 2506 τῶν
435 2442 601 2526 άφράνων.
1030 2463 1032 2468 ·

287 2535 353 2608 Ἔτι
373 2544 448 2625 περί
476 2543 537 2604 τῶν
560 2541 685 2621 α’νδραῑν
704 2537 799 2619 μόνον
828 2541 917 2618 μέλει
937 2541 983 2628 τῷ
1001 2539 1068 2626 θεῷ
1087 2535 1131 2612 ὥς
1151 2533 1303 2616 πλασμά-

285 2697 311 2746 3.
328 2701 390 2813 ppst
408 2703 544 2764 γυναῖκας
560 2693 649 2742 lucum
670 2707 781 2740 rucuum
801 2691 820 2742 P
905 2707 943 2742 ιι.
961 2685 995 2743 τά
1015 2721 1046 2732 -
1067 2689 1149 2762 atym
1169 2691 1303 2762 φάσκον-

284 2781 331 2823 τος

216 2913 323 2950 carnem
340 2897 495 2949 coniunctas
514 2897 579 2958 fore,
600 2895 782 2961 aedd110‚b.
803 2913 826 2950 e.
853 2899 939 2951 viram
961 2905 988 2950 et
1007 2914 1115 2950 uxorem
1134 2897 1201 2948 eim.
1221 2899 1299 2966 atqui

216 2986 270 3021 una
289 2977 317 3021 et
337 2969 440 3020 multae
459 2984 516 3019 non
536 2965 629 3019 eadem
650 2985 691 3020 res
711 2976 759 3021 eat.
797 2967 895 3040 quodni
916 2969 1021 3035 Moyses
1040 2968 1180 3036 legislator
1198 2969 1299 3038 permi-

216 3041 252 3091 sit
268 3038 392 3102 ludaeis,
427 3047 456 3089 ut
473 3037 572 3105 singuli
590 3039 680 3104 plures
700 3055 793 3091 uxoren
813 3037 961 3103 baberent,
984 3039 1203 3108 indulgentiam
1223 3047 1299 3101 erat,

216 3111 284 3163 sicut
301 3111 331 3160 in
347 3106 529 3179 permittendo
551 3107 705 3158 animalium
726 3111 864 3174 sacrificio,
882 3127 936 3180 quo
956 3127 1001 3161 eor
1020 3109 1203 3179 prohibiturum
1223 3117 1297 3172 erat,

215 3197 251 3233 ne
271 3180 372 3232 liberos
390 3178 552 3229 occiderent.
590 3187 619 3228 at
634 3177 769 3244 Christus,
788 3181 856 3232 sicut
873 3181 1029 3232 animalium
1048 3182 1175 3232 sacrificia
1195 3181 1295 3240 vetuit,

216 3253 297 3302 linem
317 3252 383 3317 legia
402 3258 518 3310 secutur,
539 3249 577 3298 ita
595 3249 676 3300 etiam
709 3252 867 3320 olygamiam
885 3253 980 3304 vetuit.
1016 3259 1045 3304 at
1061 3249 1225 3302 Muhametes
1245 3251 1295 3302 iate

217 3338 263 3390 pro
285 3320 418 3373 modestia
438 3319 574 3370 licentiam
585 3335 640 3370 non
659 3267 745 3373 andum
759 3325 793 3375 ,in
810 3321 860 3374 bac
878 3323 933 3375 vita
952 3323 1012 3390 lege
1033 3322 1130 3384 eanrit,
1152 3321 1200 3372 aed
1216 3321 1295 3371 etiam

217 3394 245 3442 in
264 3395 319 3443 vita
338 3393 426 3442 lutura
447 3387 539 3440 eudem
557 3405 573 3438 a
592 3389 643 3442 deu
664 3393 871 3461 multiplicatum
892 3394 925 3444 iri
952 3392 1052 3444 docuit.
1076 3410 1105 3443 ac
1124 3391 1251 3461 probatur
1265 3392 1295 3443 in

217 3463 266 3513 illo
284 3461 392 3512 Daridis
420 3459 519 3510 dictum
541 3458 708 3524 “laudatur‚
727 3464 772 3532 qui
792 3463 984 3532 cupiditatibus
1012 3465 1095 3514 animi
1114 3461 1250 3530 indulget,
1268 3469 1296 3513 et

216 3531 385 3584 benedicitur
398 3530 498 3582 iniuste
511 3529 621 3597 agenti”
638 3531 666 3583 b.
681 3551 704 3584 e.
727 3531 851 3585 laudatur
863 3543 891 3586 et
909 3532 1079 3603 praedicatur
1097 3532 1130 3584 ab
1150 3535 1193 3595 iis,
1207 3534 1250 3603 qui
1270 3533 1294 3582 ei

218 3601 362 3653 adulantur
382 3610 410 3653 et
434 3601 593 3668 pravitatem
612 3604 670 3654 eius
691 3604 829 3656 stimulant
857 3623 887 3656 nc
907 3623 941 3658 ne
962 3622 1068 3656 sensum
1087 3603 1197 3676 quidem
1214 3602 1294 3654 morbi

218 3685 234 3720 e
254 3673 364 3723 cilentio
383 3671 447 3722 oriri
466 3673 614 3739 patiuntur.
653 3687 735 3742 quare
759 3691 810 3726 nec
830 3677 917 3726 sanari
935 3676 997 3727 talia
1016 3674 1096 3727 bomo
1118 3683 1215 3744 potest.
1250 3673 1305 3744 qni,

218 3743 289 3791 enim
309 3743 409 3792 malum
427 3758 462 3793 nn
482 3743 565 3794 sentit
586 3742 705 3812 quidem,
724 3744 881 3797 medicinam
904 3763 952 3798 nec
970 3749 1086 3816 quaerit,
1106 3761 1157 3797 nec
1175 3743 1292 3796 admittit.

220 3819 301 3892 atque
319 3810 371 3862 boc
389 3812 507 3862 omnium
528 3813 672 3880 pecuimum
693 3823 741 3876 eet,
761 3817 783 3867 ti
801 3819 915 3884 pravitas
933 3815 1060 3868 laudetur
1080 3825 1108 3868 ct
1124 3833 1159 3868 nc
1178 3813 1295 3868 credatur

219 3879 326 3947 quidem
346 3882 461 3948 pravitar
481 3899 547 3934 ιιιο.
567 3885 685 3936 atenim
704 3883 869 3938 Mubnmetes
890 3888 941 3938 itte
959 3903 1029 3956 quae
1049 3895 1122 3956 grata
1142 3895 1170 3938 et
1185 3885 1295 3938 iucunda

218 3958 308 4000 errent
325 3947 487 4014 bominibur,
505 3953 616 4006 iactavit
634 3963 662 4006 et
684 3954 785 4019 docuit,
803 3967 833 4008 ut
852 3957 998 4023 voluptatis
1016 3957 1165 4027 capiendae
1182 3973 1229 4026 ape
1246 3958 1293 4007 im-

217 4020 331 4087 peritam
350 4018 551 4072 multitudinem
571 4025 598 4073 in
615 4031 705 4091 parter
725 4043 785 4077 uuae
806 4025 979 4096 pertraheret.

290 4088 393 4140 Deinde
411 4097 500 4142 utrum
517 4093 568 4144 soti
588 4095 637 4150 viri
661 4093 714 4148 deu
733 4106 891 4150 currerunt
915 4105 944 4149 ut
963 4098 1046 4151 creati
1065 4095 1099 4150 ab
1118 4111 1169 4158 eo,
1189 4095 1293 4150 minime
