2675 4584
386 269 463 330 uu.
485 269 540 328 ιιι.
575 263 664 330 car.
686 265 769 326 ιιιι.
1032 233 1113 348 ιθη

22 434 151 515 λεμίοις
170 432 396 513 ἐσυμιτλέκετο.
438 433 495 495 καί
514 427 544 495 οἱ
563 425 745 513 ἐντυχόντες
764 425 819 492 καί
829 431 995 510 βλέποντες
1018 427 1120 493 ἐθαέ.

23 535 132 614 μαζον
149 533 228 614 περί
248 532 304 615 τῆς
327 526 437 613 ἰσχύος
459 533 515 594 καί
525 529 741 614 γενναιότητος
751 531 813 592 ταῖν
823 527 962 610 ipsiusne
982 527 1119 611 ἀνδρῶν.

24 635 84 697 καί
105 633 156 707 δίς
173 634 229 695 καί
244 631 312 714 τρίς
330 632 387 714 τῆς
414 633 550 714 ἐμβολῆς
574 626 629 694 καί
646 625 826 713 συρρηξειδς
849 649 883 690 τε
904 627 960 691 καί
978 634 1122 708 συμπλο-

25 735 85 816 κῆς
113 733 282 814 γενομένης
310 729 455 813 μεγάλως
477 726 552 804 τούς
577 732 702 810 ἀσεβεῖς
725 726 899 810 ἐτρέψαντο
928 727 984 790 καί
1002 727 1123 811 πλῆθος

0 856 9 881 ·
26 833 216 896 α’πὲκτειναν
227 830 284 892 καί
301 825 428 912 ἐτέρους
447 826 482 894 ἐκ
502 831 565 892 τῶν
576 827 693 910 τειχῶν
708 826 949 909 α’τιεκρημνιζον,
969 827 1026 890 καί
1037 827 1121 910 ἐγω-

25 929 189 1012 νιζόμενοι
209 931 359 1014 σφοδροῖς
373 931 429 991 καί
448 925 701 1007 συμπλεκόμενοι
716 923 967 1008 ἀπεκτάνθησαν,
989 925 1046 989 καί
1062 947 1120 989 πο-

26 1028 88 1095 λίιν
109 1029 207 1116 φόνον
236 1030 282 1103 εἰς
312 1025 386 1102 τούς
406 1029 577 1107 πολεμίους
605 1023 667 1108 πρὸ
688 1028 745 1090 τοῦ
772 1023 946 1088 ἀποθανεῖν
968 1025 1122 1109 ἐποίησαν

27 1127 144 1204 οὕτως.
194 1129 250 1190 καί
276 1125 381 1212 ἕτεροί
395 1149 477 1200 τινες
503 1127 701 1210 στρατιῶται
724 1124 781 1188 urin
798 1117 924 1205 οἷγενεῖς
943 1120 1120 1206 μαχόμενοι

28 1231 63 1292 ἐν
83 1231 129 1314 argi
148 1223 233 1314 τόπῳ
255 1227 362 1313 ἐκείνην
382 1223 438 1288 καί
457 1224 550 1289 adsui
566 1223 809 1306 ἀπεκτάνθησαν
830 1225 962 1306 πλησίον
984 1226 1040 1305 τῆς
1059 1225 1121 1288 τιδ-

5 1359 11 1383 ·
28 1334 85 1412 λης
104 1328 165 1391 τοῦ
177 1325 269 1409 ἁγίου
285 1323 463 1407 Ῥωμανοιῖ,
476 1319 554 1388 ὅπου
569 1321 625 1406 τὴν
644 1317 785 1406 ἓλέβολιν
797 1323 917 1406 ἐκείνην
930 1319 1121 1386 κατεσκεὺα·

26 1451 88 1490 σαν
110 1427 169 1488 καί
185 1423 244 1508 τὴν
263 1420 402 1507 μεγάλην
413 1418 552 1505 ἐλέβολιν
574 1419 721 1507 ἔστησαν,
743 1423 798 1486 καί
816 1419 853 1486 τὰ
876 1425 967 1506 τείχη
986 1425 1043 1505 τῆς
1062 1419 1117 1486 πό-

28 1531 107 1599 λεως
128 1525 328 1606 χαλάσαντες
348 1525 470 1586 ἐκεῖθεν
489 1524 523 1586 ἐν
542 1523 583 1608 τῇ
600 1518 692 1586 πόλει
712 1523 836 1604 πρῶτον
857 1523 1017 1605 εἰσῆλθον.
1058 1520 1119 1606 dyni

28 1625 64 1688 δέ
84 1624 126 1710 τῇ
157 1619 226 1712 cipp
255 1619 357 1708 ἐκείνη
386 1621 426 1684 οδ
425 1645 449 1703 χ
471 1621 607 1705 εὖρέθην
634 1619 766 1704 πλησίον
794 1623 854 1684 τοῦ
881 1617 1036 1696 αδθεντός
1054 1645 1119 1704 μου

27 1724 84 1786 τοῦ
105 1725 274 1804 βασιλέως,
294 1714 374 1784 ἄλλα
394 1719 561 1804 προστάξει
579 1721 700 1785 ἐκείνου
721 1720 768 1798 είς
787 1719 954 1804 ἐπίσκεψιν
968 1721 1067 1807 δῆθεν
1085 1723 1121 1788 ἐν

1 1817 115 1910 ὄδλλῳ
135 1825 227 1905 μέρει
246 1823 302 1903 τῆς
320 1819 442 1895 πόλεως
461 1810 557 1902 ἤμην.

110 1923 143 1985 8.
180 1920 356 1984 Ἐλθόντων
376 1920 411 1983 δέ
440 1921 504 1983 eris
525 1913 675 2000 Τούσκων
696 1917 753 1980 καί
770 1913 846 1992 roric
866 1918 981 1996 ἐντοῖς
1000 1915 1123 1986 ἔσωθεν

29 2019 150 2103 τείχεσι
173 2015 392 2101 Χριστιανοδς
419 2015 498 2099 perd
531 2011 736 2099 ἓλεβολίσκοον
754 2019 812 2081 καί
828 2004 1006 2100 βελῶνκαί
1024 2017 1122 2100 τόξων

29 2121 84 2184 καί
110 2120 236 2202 πετρῶν
261 2115 547 2203 ἐναπολειφθιντας
568 2117 712 2197 ἐδιοοξαν,
741 2114 799 2181 καί
819 2119 977 2201 ἐγκρατεῖς
997 2115 1123 2186 πάντων

31 2219 181 2302 ἐγίνοντο,
205 2211 282 2281 ἄνευ
305 2218 341 2281 δὲ
361 2218 423 2282 τῶν
438 2216 565 2298 πύργων
577 2215 1007 2298 τῶνλεγομένιονΒασιλειόυ
1019 2223 1123 2284 Λέον-
1154 2215 1162 2242 ¹

4 2339 83 2393 στος
103 2315 162 2381 καί
188 2318 347 2398 Ἀλεξίου,
374 2316 409 2380 ἐν
430 2307 477 2390 οἷς
499 2311 683 2397 ἓστὴκεισαν
719 2311 1014 2381 nicodemianos
1036 2315 1066 2384 ot
1088 2319 1123 2384 ἐκ

29 2422 83 2500 τῆς
107 2411 239 2500 Κρήτης
251 2441 265 2462 ·‡
300 2417 394 2479 edroi
418 2411 480 2499 ydp
509 2413 661 2497 γενναίως
689 2411 844 2497 ἐμάχοντο
866 2413 964 2499 μέχρι
996 2417 1124 2502 καὶτῆς

31 2515 120 2598 ἕκτης
142 2518 199 2578 καί
217 2509 354 2596 ἑβδόμης
373 2511 460 2598 σ’ἐρας
481 2515 536 2577 καί
562 2509 699 2589 πολλοὺς
724 2511 883 2599 Τούσκους
905 2515 1123 2600 ἐθανάτωσαν,

30 2613 85 2678 καί
104 2617 256 2680 τοσοῦτον
284 2616 406 2698 πλῆθος
433 2615 602 2694 βλέποντες
622 2613 678 2678 καί
696 2611 755 2697 τη“ν
775 2607 868 2679 πόλιν
887 2614 1125 2702 δεδουλωμένην

104 2829 145 2864 ιο.
166 2813 307 2880 τηλεβολον
328 2811 347 2865 P
419 2828 459 2862 ιι.
477 2811 639 2869 dilaniari>
733 2813 772 2864 16.
792 2805 860 2874 rode
877 2813 987 2872 ἔσωθεν
1002 2814 1052 2872 τοῦ
1070 2818 1124 2872 τεί-

95 2901 170 2956 χους
187 2883 233 2950 τῆς
252 2883 358 2945 πόλεως
375 2880 455 2954 χαλ)
531 2899 569 2952 ¹7·
589 2883 821 2969 τηλεβολῖσκιιινΡ

33 3079 123 3131 hostes
144 3075 307 3130 decertavit:
325 3083 365 3139 nt,
385 3076 434 3148 qni
451 3073 565 3128 aderant
582 3074 767 3141 stridebant,
784 3075 988 3131 fortissimorum
1005 3080 1125 3134 virorum

32 3151 160 3202 virtutem
188 3156 216 3199 et
245 3147 385 3199 audaciam
411 3147 585 3200 mirarentur.
610 3148 703 3218 itaque
726 3148 815 3201 biset
838 3157 880 3202 ter
900 3150 1076 3220 impressione
1097 3159 1127 3206 et

33 3237 123 3342 tlt:
141 3217 1127 3359 ittultitr'ti‘tttltittltt„l':¹l⁰t0t⁰.⁰li‘il”iitai:

33 3368 184 3431 pugnanter
202 3369 230 3412 et
247 3325 342 3428 magda
358 3361 433 3429 prius
450 3359 569 3412 hostium
589 3368 678 3430 strage
698 3361 769 3413 data.
788 3363 853 3414 item
872 3362 920 3415 alii
938 3360 1012 3416 hand
1028 3363 1128 3416 imbel-

34 3435 71 3485 les
95 3431 201 3484 milites
226 3430 323 3483 eodem
348 3429 411 3482 loco
437 3429 598 3483 dimicantes
622 3431 788 3495 ceciderunt,
812 3449 900 3503 prope
920 3442 1022 3504 portans
1039 3435 1127 3488 sancti

35 3501 166 3566 llomani,
185 3500 231 3552 ubi
255 3501 405 3571 helepolim
432 3502 509 3553 illam
525 3501 630 3554 Tuscae
648 3502 770 3555 fecerant
795 3511 823 3556 et
839 3520 960 3573 magnam
979 3504 1126 3575 helepolim

34 3575 252 3627 constituerant:
276 3587 331 3644 qna
351 3573 467 3642 primum
485 3571 577 3624 diruto
603 3589 691 3637 muro,
707 3573 736 3624 in
753 3573 847 3626 urbem
867 3584 1053 3645 penetrarunt
1074 3593 1125 3647 ego

35 3645 82 3697 illo
102 3652 228 3712 tempore
247 3659 304 3696 non
320 3641 447 3695 versabar
471 3643 541 3694 circa
557 3644 767 3713 imperatorem,
789 3643 928 3698 dominum
946 3663 1053 3712 meum,
1078 3647 1127 3702 sed

34 3717 106 3768 iussn
124 3716 185 3766 eiua
202 3712 239 3764 ad
256 3713 424 3767 lustrandam
444 3713 526 3764 aliam
544 3724 647 3783 partem
667 3713 741 3766 urbis
760 3713 943 3769 discesseram,

101 3787 128 3838 8.
149 3787 254 3837 Tuscae
267 3785 363 3836 urbem
371 3785 486 3854 ingressi
498 3782 666 3836 Christianos
678 3785 748 3838 intra
763 3785 922 3840 interiorem
939 3805 1043 3842 ιιιιιιιιιιι
1062 3791 1127 3844 τελλ-

35 3873 100 3928 qnos
109 3855 294 3920 leleboliscis,
311 3857 418 3920 iaculis,
432 3855 546 3924 sagittis,
556 3856 626 3907 saxis
639 3857 785 3925 persecuti,
805 3865 832 3910 et
847 3859 948 3912 cunctis
958 3863 1040 3930 potiti
1054 3871 1127 3927 sunt,

34 3935 139 3996 praeter
156 3941 214 3990 eos,
232 3929 280 3996 qui
298 3927 329 3978 in
349 3924 469 3978 turribus
491 3925 585 3977 Basilii
602 3927 703 3979 Leonis
722 3934 750 3979 et
769 3927 856 3981 Alexii
875 3945 944 3999 quae
964 3931 1127 3986 dicebantur

34 3997 176 4050 constituti
194 4004 287 4062 erant,
312 4006 409 4050 nautas
426 3997 579 4049 Cretenses.
610 3996 642 4048 hi
660 3999 734 4050 enim
763 3997 798 4049 nd
817 4007 918 4052 sextans
939 4009 968 4054 et
985 4005 1126 4074 aeptinrana

34 4067 125 4120 boram
144 4075 257 4121 strenue
274 4067 434 4139 pugnabant
458 4075 486 4119 et
511 4067 611 4119 multos
627 4067 729 4120 'l'nrcas
757 4069 964 4135 interficiebant,
987 4089 1126 4144 quumque

34 4147 135 4193 tantam
154 4139 275 4192 hostium
293 4137 538 4193 multitudinemet
552 4145 639 4192 totam
655 4139 750 4192 urbem
765 4140 905 4196 subactam
923 4143 1056 4210 riderent,
1074 4162 1126 4198 uo-
