2675 4584
440 181 785 278 mmmm
970 179 1148 285 ·m

53 359 79 443 ἢ
103 355 231 446 φόρους
250 355 425 425 διδότωσαν
446 359 501 425 καί
519 361 691 442 διδομένων
710 361 774 424 τάν
792 359 901 446 φόρων
918 359 1098 440 μενέτωσαν
1115 360 1190 450 ἕνῃ

51 463 103 547 τῇ
122 457 231 525 πίστει
250 457 385 524 aierit?
403 463 459 526 καί
477 463 509 526 εἰ
518 465 578 542 μὲν
597 459 657 524 οὐκ
677 451 717 543 ἧν
738 457 775 523 τὸ
789 459 971 542 εὐαγγέλιον
988 454 1078 543 ἅγιον
1097 451 1161 525 καί

53 559 190 622 δίκαιον
203 559 259 620 καί
278 557 385 640 ὀρθόν,
407 561 536 635 δικαίως
554 559 610 624 καί
630 556 810 644 πρεπόντως
829 555 955 635 ἔμελλεν
975 556 1082 624 ἐλθεῖν
1100 581 1152 623 νο-

53 661 204 740 μοθέτης
222 653 259 732 ὃς
280 655 401 734 διδάξει
420 659 478 743 τῂν
498 656 652 741 α’λήθειαν
671 665 737 733 τοῖς
758 654 940 741 ἀνθρώποις
957 659 1014 721 καί
1031 660 1153 724 δικαιο-

25 755 183 840 ὄσάνιγν·
217 760 257 821 ἐἰ
275 759 311 820 δὲ
331 758 454 820 δίκαιον
471 761 526 822 καί
539 753 629 842 άγιον
648 750 697 842 ἧν,
719 757 827 830 α’τελὲς
846 756 882 820 δὲ
903 749 998 837 ὅμως,
1019 755 1074 822 καί
1096 751 1152 821 οὗ·

53 879 126 929 ταις
150 851 246 920 πάλιν
265 853 301 919 ui
324 854 403 920 ου’τδ
434 851 474 940 ἧν
492 858 613 921 δίιιαιον
642 858 698 920 καί
714 859 840 938 τρίπον,
861 856 913 919 ἵνα
933 853 1037 920 truste
1057 877 1152 937 νομο-

52 957 163 1038 θέτης
182 953 395 1043 ἀναπληρώσῃ
406 952 441 1020 τά
457 955 617 1040 ὑστέρημα
630 957 687 1018 τοῦ
707 951 901 1038 είαγγελίσυ.
923 953 994 1019 ἐπεὶ
1006 955 1041 1020 δὲ
1062 950 1151 1038 ίίγιον

57 1057 120 1118 καί
141 1057 264 1119 δίκαιον
279 1057 334 1119 καί
353 1057 471 1120 τέλειον
485 1057 540 1120 καί
560 1049 661 1138 ὄρθόν
679 1051 734 1118 καί
753 1057 873 1136 λέγεται
893 1051 949 1118 καί
969 1049 1046 1136 ἔστι,
1064 1078 1150 1138 μαρ-

53 1161 157 1236 τυρεῖ
172 1155 209 1217 δὲ
236 1151 325 1217 καίὸ
346 1150 503 1235 Μωάμεθ
524 1152 599 1238 τιερί
617 1155 718 1218 αδεοῦ
746 1151 801 1216 καί
829 1151 978 1236 δμυλογεῖ
993 1153 1049 1216 καί
1067 1155 1150 1236 λέγει

7 1249 111 1316 rolin
143 1251 178 1318 τά
207 1251 389 1337 εδαγγέλιον
419 1252 481 1316 uiuri
511 1257 593 1318 θεοῦ
612 1253 684 1318 ἐστι’
707 1253 875 1334 δεδομένον
902 1256 958 1316 καί
985 1245 1076 1335 ἅγιον
1096 1253 1152 1316 καί

54 1356 179 1438 πλῆρες
199 1354 256 1416 καί
273 1354 379 1434 staec,
399 1355 447 1428 τίς
464 1357 559 1437 χρεία
591 1340 701 1418 λοιιιίίν
721 1351 896 1432 νομοθέτου
919 1347 1047 1436 ἑτέρους
1069 1347 1149 1416 πάν-

52 1475 121 1526 τως
141 1451 287 1532 οδδεμία,
308 1450 363 1516 καί
381 1451 491 1517 λοιπόν
518 1445 650 1535 ἄκαιρος
679 1453 733 1516 καί
756 1443 947 1534 άχρηστοςῆ
969 1451 1026 1514 τοῦ
1044 1443 1150 1514 Muri·

53 1553 129 1632 μεθ
146 1553 338 1630 νομοθεσία·
384 1552 441 1614 τοῦ
460 1549 520 1636 γάρ
548 1544 652 1634 ὄρθοῦ
672 1548 754 1615 κατά
776 1547 879 1614 πάντα
902 1541 994 1614 οὐδὲν
1015 1543 1148 1634 ὀρθότε-

55 1671 116 1730 ρον
135 1653 191 1714 καί
211 1650 274 1713 τοά
286 1652 408 1714 τελείου
424 1649 517 1715 οὐδὲν
530 1637 798 1733 τελειότερσάκαί
815 1651 870 1734 τῆς
882 1641 1035 1734 άληθείας
1055 1643 1149 1715 οὐδὲν

9 1741 279 1831 ιόάληθέστερον.
319 1748 388 1813 ἀλλ’
409 1743 494 1830 ὅμως
514 1744 712 1828 ἐξετάσαντες
732 1747 850 1828 ἴδωμεν
868 1749 903 1812 τί
916 1745 1085 1830 βούλονται
1104 1749 1145 1814 τά

53 1848 115 1911 τοῦ
144 1852 316 1928 νομοθέτου
344 1844 486 1933 ῥήματα.
536 1845 662 1924 πάντως
694 1849 797 1928 οὐδὲν,
819 1848 886 1911 ἀλλ’
907 1842 930 1931 ἢ
950 1847 1147 1932 κατανοήσας

53 1942 174 2012 ἑαυτὸν
193 1943 244 2010 ὅτι
263 1945 390 2031 μακράν
409 1972 471 2013 ιιου
502 1946 683 2032 εδρίσκεται
709 1949 765 2030 τῆς
794 1949 952 2030 ἐνεργειλις
977 1950 1039 2013 τοῖν
1061 1952 1146 2013 θαυ·

52 2042 178 2126 μάτων,
204 2049 395 2129 βουλόμενος
424 2047 547 2133 κρύψαι
577 2045 634 2132 τήν
647 2043 774 2117 ,ἑαυτοῦ
803 2047 982 2130 ἀσθένειαν,
1000 2048 1046 2132 μή
1068 2069 1144 2112 ποτε

53 2143 144 2226 παρὰ
163 2149 230 2210 τῶν
250 2145 427 2230 α’νθράιιων
460 2144 537 2234 εὕρῃ
559 2143 766 2230 κατάγνωσιν,
786 2141 872 2212 εἶπεν
894 2142 944 2210 δτι
965 2146 1022 2210 οὐκ
1044 2139 1144 2231 ἦλθον

7 2273 46 2312 20
55 2246 169 2308 δοῦναι
195 2243 250 2309 τὸν
280 2245 379 2326 νόμον
406 2246 459 2310 διά
481 2249 657 2328 θαυμάτων
676 2241 756 2311 ἄλλά
782 2246 835 2310 διά
856 2248 967 2331 ξίφους
988 2246 1043 2309 καί
1061 2241 1142 2310 στιά-

53 2347 135 2427 θγς·
178 2345 222 2420 οὖς
239 2342 295 2408 καί
314 2346 348 2408 ἐν
367 2352 438 2422 ταῖς
459 2347 634 2423 διαλέξεσιν
654 2347 878 2429 ἐνομοθέτησεν
898 2345 950 2408 ἳνα
969 2342 1015 2426 μῆ
1034 2345 1141 2408 διαλί-

53 2467 173 2524 γωνται
193 2441 276 2526 μετά
298 2446 363 2508 τάν
377 2448 580 2529 Χριστιανῶν
599 2442 630 2508 οἱ
642 2443 757 2509 τούτου
773 2445 923 2528 μαθηταί
931 2443 986 2508 καί
1006 2440 1036 2508 οἶ
1056 2444 1137 2508 ἑκεί-

53 2565 117 2609 νων
139 2541 307 2629 διάδοχοι,
338 2542 463 2620 πάντως
491 2547 532 2610 ου’
552 2547 594 2611 δι’
616 2538 691 2611 ἄλλο
714 2567 745 2610 τι
775 2539 866 2630 iiim
885 2539 930 2630 μὴ
958 2545 1095 2631 ἐλεγχθῇ
1114 2539 1136 2628 ἤ

120 2755 150 2808 ³,
170 2752 285 2816 πάντας
299 2755 329 2809 ti

52 2947 159 3004 tentor,
185 2947 233 2993 aut
248 2939 388 3031 penetrante
405 2940 551 3011 stipendia,
571 2947 601 2994 et
623 2941 716 3011 peusis
737 2940 879 3014 stipendiis
899 2945 1086 3014 perseverante
1104 2943 1134 2995 in

55 3013 183 3080 religione
196 3008 268 3063 sua’
304 3014 327 3064 si
345 3013 514 3082 evangelium
526 3029 582 3066 nun
600 3013 696 3066 luisset
721 3023 850 3076 sanctum,
867 3013 967 3065 iustum
985 3020 1014 3064 et
1032 3029 1134 3076 verum,

55 3099 168 3152 nequem
182 3091 210 3135 et
219 3090 429 3139 consentaneum
447 3085 549 3147 suisset,
568 3085 649 3136 alium
659 3092 799 3137 venturum
813 3099 870 3139 esse
887 3083 1075 3154 legislatorem,
1085 3083 1133 3154 qul

55 3152 119 3223 quid
136 3170 227 3206 uerum
245 3161 274 3206 et
290 3154 390 3207 iustum
408 3164 487 3219 esset,
504 3155 628 3207 homines
640 3155 767 3223 deceret;
786 3163 832 3208 aut
844 3154 866 3208 si
883 3156 983 3206 iustum
996 3163 1132 3206 sanetum-

54 3241 117 3293 que,
137 3224 185 3276 ted
198 3223 384 3294 imperfectum
398 3227 501 3289 iniisset,
522 3243 611 3278 rursus
621 3243 738 3297 aequum
751 3233 780 3278 et
791 3243 840 3297 par
854 3226 957 3289 fuisset,
975 3234 1007 3278 ut
1024 3225 1133 3293 legisla-

53 3304 96 3346 tor
113 3296 244 3365 quispiam
261 3297 383 3365 expleret
398 3298 519 3350 laeunenr
535 3298 677 3366 evangelii.
712 3297 761 3350 sed
778 3315 861 3368 quum
878 3305 1009 3360 sanctum,
1022 3296 1132 3359 iustum,

52 3365 197 3435 perlectum
217 3375 374 3437 rectumque
392 3376 420 3420 et
436 3370 472 3422 tit
488 3377 518 3420 et
534 3367 680 3434 habentur,
703 3377 785 3438 atque
803 3369 861 3440 ipse
872 3375 987 3421 testetur
1008 3382 1040 3418 eo
1059 3366 1132 3420 dicut

56 3437 235 3502 Mohametes,
249 3438 449 3508 evangeliuma
476 3438 529 3490 ‹leo
549 3438 660 3503 datum,
678 3439 796 3504 iustum,
824 3439 972 3510 perlectum
993 3444 1021 3490 et
1036 3453 1129 3490 verum

54 3521 118 3571 esse,
131 3508 198 3578 quisi
215 3509 269 3560 alie
286 3517 426 3580 praeterea
443 3510 599 3579 legislatore
616 3527 684 3580 opus
703 3511 764 3564 est?
800 3511 880 3581 plane
896 3510 1065 3579 nollentque
1084 3509 1128 3562 in·

54 3587 113 3646 epta
130 3587 157 3631 et
176 3580 281 3632 inutilis
298 3581 461 3633 Mohametis
487 3581 530 3632 len
550 3588 599 3633 est.
635 3589 709 3633 reete
736 3581 807 3633 enim
826 3580 896 3632 nihil
914 3581 1020 3642 rectius,
1037 3579 1128 3648 perie-

53 3659 94 3700 rtu
113 3649 181 3701 nihil
199 3651 361 3720 perfectius,
378 3668 443 3702 vern
461 3651 532 3703 nihil
549 3653 645 3703 verius
662 3660 712 3704 est
754 3653 803 3704 sed
822 3661 912 3704 tamen
930 3651 1128 3714 examinemus,

53 3721 116 3788 quii
142 3720 195 3771 sibi
221 3723 308 3774 veiint
329 3721 490 3790 legislatoris
518 3722 598 3774 dieta.
636 3723 740 3774 nullam
767 3723 846 3774 aliam
873 3722 907 3773 eb
936 3737 1051 3785 eausam,
1077 3721 1130 3774 nisi

52 3791 120 3858 qued
145 3791 224 3859 lange
245 3793 340 3846 abesse
364 3810 392 3844 se
410 3794 522 3845 sentiret
545 3809 561 3843 a
580 3792 768 3845 miraculorum
795 3791 978 3845 faciendorum
1011 3800 1131 3862 potesta-

53 3869 94 3921 te,
122 3861 334 3915 imbecillitatem
356 3873 446 3916 eutem
484 3881 558 3916 sunm
581 3864 716 3916 occultare
748 3865 846 3926 vellet,
874 3879 909 3915 ne
942 3866 970 3915 in
995 3863 1129 3936 vituperia

53 3930 184 4009 hominum
209 3933 374 3998 incurreret,
403 3951 462 3986 sese
490 3951 544 3986 non
569 3935 721 3997 miraculis,
746 3932 795 3986 sed
820 3951 885 3986 ense
917 3943 945 3988 et
965 3933 1060 4057 ἓλαιλίο
1085 3936 1131 3986 le·-

51 4018 105 4066 grm
133 4004 309 4057 constitutum
332 4005 437 4059 venisse
463 4005 548 4057 dixit:
582 4005 652 4058 sieut
689 4005 777 4068 idem,
803 4021 837 4056 ue
868 4022 928 4057 eum
986 4005 1126 4058 hristianis

51 4073 167 4146 discipuli
194 4076 236 4129 sul
255 4083 284 4130 et
300 4077 349 4148 qui
368 4077 402 4130 iis
418 4076 565 4132 successuri
591 4085 683 4133 essent
706 4075 890 4151 disputarent,
909 4076 985 4132 nulla
1010 4077 1061 4127 elia
1090 4065 1124 4127 rie
