2675 4584
239 239 323 336 322
549 277 723 342 ccouou
756 277 995 344 euasurus

233 431 377 510 βασιλεῖς
400 425 533 510 μεγόλοι
563 427 720 505 όξαότοῦ
740 423 904 511 γεγόνασι,
930 421 991 489 καί
1012 419 1070 498 τός
1094 428 1207 506 χεῖρας
1222 423 1325 486 πότοῦ

233 523 289 592 ἐπί
304 526 421 601 πάντας
435 529 619 608 θεωροῦμεν
638 520 729 608 εἶναι,
751 522 850 589 καίαό
870 533 976 607 χεῖρες
992 522 1117 588 πάντων
1135 523 1185 586 ἐπ’
1205 521 1322 602 asiais,

233 623 291 690 καί
311 623 535 714 ίνεκατιρκησεν
554 623 609 690 ἐπὶ
617 623 784 708 πρόσωπον
804 622 894 708 ἤμῦν
906 622 1038 705 πόντων,
1060 624 1116 685 καί
1134 618 1166 685 oi
1185 623 1222 685 ἔτι
1241 619 1320 684 τοῦ·

232 745 288 788 του
310 723 431 803 τοξόται
452 716 579 808 όριστοί
598 725 661 790 sios
679 725 751 788 λίαν
772 725 853 787 λίαν.
905 721 986 807 πλὴν
1005 725 1063 806 τῆς
1084 720 1243 803 διαθήκης
1260 717 1319 782 osi·

233 824 291 886 τοῦ
314 817 332 885 ό
348 821 422 898 θεός
441 822 614 908 ῦστέρησεν
634 821 741 888 αῦτόσ.
763 819 842 888 aiore
864 821 972 898 καθοός
987 845 1083 906 φησιν
1101 817 1121 902 ἦ
1142 819 1218 884 θεία
1236 841 1319 902 γρα-

232 918 300 1007 φή,
320 924 377 986 καί
403 911 441 1007 ἦν
470 923 644 1004 ὤρισμόνον
672 923 707 987 ἐκ
725 925 841 987 πολλοῦ
867 915 991 988 ῦνωθεν
1020 923 1063 984 δι’
1089 913 1135 984 οἷν
1154 915 1321 1001 κριμνίταν

231 1015 316 1085 οἶδεν
336 1017 353 1083 ό
373 1020 448 1096 θεός
467 1019 613 1096 τοιοῦτσις
632 1025 797 1104 γενέσθαι·
849 1015 889 1105 ἦν
908 1021 969 1106 yda
993 1021 1110 1102 ἀνάγκη
1132 1015 1242 1083 λοιπόν
1262 1020 1317 1081 ἳνα

230 1122 330 1202 πέρας
350 1118 471 1202 λα’βσισι
491 1117 530 1186 τό
551 1114 611 1183 όσα
632 1115 649 1182 ό
671 1117 806 1206 θεόπτης
818 1121 940 1204 Μωσῆς
961 1117 1071 1206 ἔφησε,
1094 1121 1148 1181 καί
1170 1116 1247 1197 odys*
1265 1111 1315 1181 ότι

229 1219 289 1284 οῦκ
308 1219 501 1307 όφρσνοῦμεν
524 1214 805 1300 όρθῦςῬοομαῖοί
820 1243 852 1284 τε
881 1217 936 1283 καί
953 1221 1066 1302 stauos
1092 1216 1149 1281 καί
1167 1215 1321 1299 Βοῦλγα-

229 1341 291 1402 ρον,
311 1317 420 1394 καθοός
439 1307 584 1401 λόηόυσιν
601 1317 630 1382 οἱ
651 1319 890 1403 κατηγοροῦντες
911 1317 996 1403 ἡμᾶς
1019 1315 1074 1381 καί
1092 1317 1313 1395 ὀνειδίζουσιν.

110 1478 115 1486 .
227 1416 285 1482 bair
316 1419 352 1482 di
383 1414 478 1482 πόλιν
506 1418 562 1482 καί
582 1414 643 1479 όπό
674 1415 836 1500 όμορτιιῦν
866 1413 956 1499 ἡμεῖς
981 1413 1236 1499 ε’παιδεῦθημεν,
1258 1419 1318 1478 καῖ

225 1513 318 1596 ῦμεῖς
336 1513 366 1580 οἱ
383 1517 497 1583 Ἰταλοί
513 1512 559 1598 μη
581 1514 762 1599 α’μερίμνοις
781 1515 925 1596 μείνατε,
950 1512 1030 1579 α’λλό
1050 1513 1107 1590 τός
1124 1521 1239 1598 χεῖρας
1259 1515 1317 1578 ἐπί

223 1609 260 1679 τό
280 1618 399 1699 στῆθος
426 1613 516 1695 ῦμῦν
538 1614 651 1697 βάλετε
682 1615 737 1678 καί
756 1613 833 1678 κατὰ
854 1617 929 1679 νοῦν
948 1611 1159 1698 ἐνθυμήθητε,
1178 1617 1235 1678 καί
1252 1638 1316 1677 κα-

222 1717 429 1798 τηγοροῦντες
449 1715 531 1798 ἡμᾶς
551 1713 702 1778 παύσατε.
752 1713 843 1778 adsui
862 1715 898 1778 di
919 1711 947 1777 oi
965 1714 1158 1796 ’ίσμαηλῖται
1178 1706 1312 1778 ἄπιστοι

222 1799 308 1886 όντες
334 1812 470 1896 χαλεποί
496 1816 553 1876 καί
570 1807 794 1896 όνελεημονες,
816 1809 982 1895 προστάξει
1004 1815 1038 1876 di
1060 1816 1141 1876 θεοῦ
1159 1809 1235 1888 τοῦς
1256 1837 1311 1876 πι-

220 1907 316 1986 στοῦς
337 1909 524 1976 παιδεύουσι
537 1911 593 1976 καί
610 1913 644 1976 τό
666 1917 772 1975 πλεῖον
786 1913 882 1994 μέρος
894 1916 952 1974 τοῦ
966 1912 1084 1991 κόσμου
1107 1913 1309 1996 κυριεόουσι.

221 2006 271 2071 διό
303 2013 344 2071 ου’
370 2013 423 2073 δεῖ
439 2017 724 2096 μεγαλορρημονεῖν
748 2008 822 2095 περὶ
840 2008 1052 2091 redamaverit
1070 2007 1231 2093 Troiade,
1256 2007 1309 2074 ότι

168 2133 201 2187 ηυ
221 2105 276 2170 διό
301 2105 337 2172 τό
359 2108 464 2192 όρθεῦς
483 2120 613 2196 φρονεῖν
633 2109 688 2174 καί
708 2111 823 2174 δίκαιοι
838 2109 893 2175 καί
910 2106 993 2193 ἅγιοι
1009 2107 1143 2186 iuvanda
1160 2115 1309 2194 λέγουσιν

219 2201 309 2287 εἶναι,
330 2211 387 2272 καί
406 2207 459 2273 διό
473 2205 530 2294 τὴν
550 2213 657 2274 adada
671 2211 857 2294 όρθυδοξίαν
876 2209 932 2276 καί
943 2207 1147 2296 δικαιοσῦνην
1169 2212 1230 2286 ἕως
1248 2211 1306 2275 τοῦ

215 2305 273 2368 νῦν
292 2307 506 2384 βασιλεῦουσι.
1313 2333 1331 2374 a

300 2402 436 2480 Τοῦτους
455 2410 515 2487 μὲν
536 2406 609 2484 τοῦς
628 2407 740 2491 λόγους
761 2407 928 2494 εἰρήκαμεν
947 2408 1022 2492 origi
1049 2407 1128 2494 πρός
1143 2408 1179 2474 τό
1203 2433 1303 2474 κατα-

213 2503 330 2584 κρίνειν
348 2499 372 2588 ἢ
391 2510 575 2590 κατηγορεῖν
595 2505 675 2589 τινό,
695 2506 740 2592 μὴ
761 2511 891 2598 ynasco,
912 2502 980 2572 ἄλλ’
1001 2509 1053 2573 ἵνα
1075 2515 1139 2585 τοῖς
1162 2515 1303 2574 καταλα-

211 2607 323 2668 λοῦσιν
341 2601 424 2688 ἧμῦς
451 2603 603 2688 δείξωμεν
632 2602 684 2672 ότι
715 2607 772 2674 οῦκ
793 2605 902 2692 όρθσός
931 2607 988 2675 καί
1006 2611 1121 2694 σαφοῦς
1139 2607 1200 2685 τός
1221 2633 1301 2694 you·

283 2809 323 2863 rs.
342 2819 404 2882 post
419 2812 596 2887 ἐνθυμήθητε
610 2833 717 2870 versum
738 2815 881 2870 dimidium
898 2833 1010 2870 vacuum
1030 2819 1051 2872 Ρ

136 3005 140 3012 ’
209 3011 238 3056 et
254 3020 348 3057 manus
376 3006 434 3058 eius
461 3008 586 3060 adversus
614 3027 722 3076 omnes,
747 3017 776 3063 et
801 3011 919 3064 omnium
943 3027 1037 3064 manus
1060 3011 1299 3084 adversissimam

207 3075 327 3128 intentas
345 3075 474 3141 videmus,
492 3087 521 3131 et
541 3079 707 3132 domicilium
727 3081 872 3134 collocavit
889 3085 918 3135 in
935 3089 1081 3154 conspectu
1100 3086 1184 3136 nostri
1203 3089 1297 3138 omui-

143 3167 155 3178 2
207 3163 261 3208 um,
280 3155 308 3198 et
325 3148 428 3216 posteri
445 3149 502 3201 eius
522 3151 653 3218 sagittarii
672 3151 751 3220 longe
770 3153 867 3222 optimi
888 3161 968 3220 sunt;
987 3155 1115 3224 pectione
1133 3164 1225 3206 autem
1247 3171 1296 3208 sua

206 3213 273 3267 deus
291 3233 353 3268 eum
372 3217 503 3271 exclusit:
533 3228 579 3285 ut,
608 3221 834 3290 quemadmodum
859 3225 887 3275 in
902 3227 983 3276 saeris
1001 3227 1086 3278 literis
1107 3233 1147 3277 est
1165 3235 1195 3278 st
1210 3227 1295 3295 longe

206 3294 270 3337 ente
289 3288 465 3340 coustitutum
481 3295 538 3341 erat
557 3289 592 3341 ob
612 3292 739 3352 rationes,
758 3309 825 3363 quas
842 3293 908 3346 deru
926 3297 1010 3359 norit,
1029 3297 1066 3347 tu
1085 3298 1217 3350 evenerit.
1241 3315 1294 3349 ne-

205 3372 279 3408 cesse
305 3359 376 3409 enim
396 3369 466 3424 erat,
483 3367 514 3410 ut
540 3367 664 3412 eventum
695 3359 843 3428 haberent,
876 3381 1054 3436 quaecunque
1074 3367 1182 3418 divinus
1201 3369 1294 3420 Moses

205 3424 320 3479 dixerat.
355 3427 465 3481 minime
484 3445 548 3480 sero
567 3447 616 3481 nos
630 3449 711 3501 prave
728 3433 920 3500 sentiebamus,
939 3437 1058 3500 Romani,
1072 3437 1157 3489 Servii
1177 3447 1206 3491 et
1225 3441 1293 3492 Bul·

204 3497 277 3564 ροτί,
298 3492 327 3550 id
347 3495 435 3568 quod,
459 3500 506 3570 qui
534 3517 581 3552 nos
602 3503 803 3556 calumniantur
823 3513 850 3557 et
866 3517 998 3570 accusant,
1017 3507 1118 3560 dicunt.
1156 3525 1205 3561 vos
1225 3527 1292 3562 vero

204 3565 265 3618 ltati
283 3585 424 3620 assecuto
442 3569 534 3638 agatis,
549 3570 605 3636 sed,
622 3573 755 3641 impositis
767 3577 869 3644 pectori
887 3579 1025 3642 manibus,
1040 3579 1210 3632 meditamini
1230 3597 1291 3634 cum

204 3634 310 3701 animo,
339 3647 368 3690 et
388 3638 510 3692 desistite
535 3658 584 3692 nos
604 3660 737 3696 accusare.
763 3647 924 3700 'ismaelitae
943 3655 1041 3714 autem,
1059 3649 1183 3702 homiues
1201 3652 1291 3722 impii,

204 3701 264 3756 duri
286 3715 314 3759 et
329 3707 487 3774 inhumani,
505 3727 520 3760 e
542 3713 683 3766 voluntate
702 3713 745 3768 dei
762 3717 823 3786 pios
842 3719 973 3787 castigant
990 3727 1019 3772 et
1035 3721 1163 3772 maiorem
1182 3731 1289 3790 partem

203 3769 276 3824 orbis
293 3785 424 3830 terrarum
453 3788 610 3852 occupatam
637 3793 741 3838 teuent.
777 3803 860 3858 quare
880 3801 942 3840 nort·
960 3789 1040 3842 decet
1059 3790 1094 3842 de
1115 3791 1158 3842 his
1176 3791 1288 3859 gloriari

202 3843 304 3908 italos,
321 3864 380 3899 sese
397 3859 509 3919 propter
526 3851 664 3906 doctrinae
680 3857 845 3926 probitatem
870 3859 954 3912 iustos
972 3869 1001 3913 et
1018 3867 1124 3914 sanctos
1140 3877 1169 3912 se
1188 3865 1288 3934 appel-

201 3910 260 3962 lare
278 3923 307 3964 et
324 3927 435 3984 propter
453 3920 639 3975 orthodoxiam
656 3933 685 3978 et
702 3927 831 3980 iustitiam
849 3927 883 3980 ad
902 3927 973 3983 huuc
991 3930 1062 3983 diem
1081 3947 1202 4000 regnare.

272 3982 345 4034 Haec
364 3985 444 4038 verba
455 3989 567 4042 minime
580 3994 701 4058 fecimus,
717 4013 780 4068 quo,
799 3997 874 4070 quod
891 3999 970 4062 absit,
988 4017 1150 4073 quemqnam
1172 4002 1285 4055 damne-

200 4065 260 4102 mus
279 4059 327 4104 aut
347 4068 515 4120 accusemus,
539 4059 639 4116 sedat
661 4065 833 4120 ostendamus
856 4069 905 4133 iis,
931 4072 979 4142 qut
1006 4073 1285 4138 noscetunmiantor,

199 4117 273 4173 haud
292 4119 379 4194 probe
400 4139 450 4176 aec
467 4135 538 4180 recte
556 4145 603 4182 eos
622 4133 715 4190 literas
739 4137 900 4208 intelligere.
939 4139 1011 4194 trino
1027 4142 1100 4196 enim
1119 4143 1168 4208 fit,
1186 4153 1217 4196 ut
1234 4161 1283 4198 uos
1336 4137 1337 4157 ¹
