2675 4584
177 288 231 349 nn
251 279 613 348 urmssuourctusi
641 283 808 348 excluso
827 283 1052 348 usnns'uo.
1085 255 1166 341 515

77 437 254 516 γενομένων
273 429 406 521 ἤνέιρκιό
426 457 459 495 τε
476 432 532 494 καί
562 436 775 518 καταβέβλητο
795 432 945 516 μνήματα
966 439 1022 498 καί
1039 436 1077 499 τά
1096 435 1168 498 τού-

76 555 147 607 τοις
167 532 393 612 ε’ναποκείμενα
414 533 551 611 λείψανα
563 529 642 594 κατά
656 536 714 615 γῆς
735 534 964 620 ἀπερρίφησαν.
1005 539 1040 600 ἐν
1061 535 1170 609 αὐτοῖς

75 631 139 714 γάρ
161 631 272 696 καθότι
291 634 402 695 πολλοί
422 633 484 695 τῶν
510 628 658 713 Τοάρκοον
678 629 850 716 χρημάτων
872 635 1033 717 ἐπέτυχον,
1055 636 1169 700 ἐναπο-

75 733 231 794 redituros
250 728 337 810 nupsi
366 734 429 794 τῶν
448 733 585 793 πολιτῶν
609 733 650 792 δι’
672 727 710 814 ἢν
739 733 851 796 ἐλπίδα
873 735 1055 818 φθάσαντες
1076 735 1167 818 διάη·

47 828 241 909 5λῶκιιμιν,
262 829 314 894 διά
337 833 429 894 τοῦτο
451 829 552 892 πάντα
572 825 687 910 σχεδὸν
707 825 843 920 η’νέφξαν
864 832 919 894 καί
937 837 1165 916 κατέστρεψαν·

76 933 221 994 ἐνταῦθα
241 930 276 992 δὲ
290 931 388 992 Ιδυοῖν
408 931 523 1009 εἵνεκα,
545 930 644 992 τοῦτο
667 931 742 1012 περί
760 929 862 1014 ου’τῆν
881 933 939 994 osis
961 927 1065 1014 ὀλίγου
1087 956 1165 1015 χρυ·
1176 949 1229 1003 356

74 1031 124 1114 σῷ
144 1030 202 1093 καί
219 1023 348 1115 άργάρφ
372 1029 428 1090 καί
444 1030 549 1100 λίθοις
572 1029 689 1106 τιμίοις
709 1031 765 1091 καί
782 1025 958 1112 μαρνάροις
979 1054 1170 1095 retruserun-

75 1130 196 1209 σμένον
218 1124 361 1207 κόσμου,
381 1130 436 1189 καί
451 1129 512 1190 τῶν
534 1122 641 1208 ὑγείας
658 1133 851 1211 παρεκτικῶν
863 1129 960 1196 θείαν
977 1131 1099 1212 μύρων.
1141 1131 1171 1197 οῖ

75 1230 136 1305 μὲν
155 1223 219 1310 γάρ
250 1229 306 1291 τοῦ
337 1223 454 1311 κόσμου
485 1225 582 1306 μόνον
611 1225 713 1307 ου’τὴν
741 1225 983 1312 άπεγάμνοοοαν,
1007 1227 1037 1296 οἱ
1059 1233 1094 1296 δέ
1112 1236 1172 1313 βα·

33 1322 248 1408 ιοσκήναντες
280 1319 347 1391 οἷον
370 1323 448 1409 ἡμῖν
477 1327 532 1409 τῆς
559 1324 719 1409 ἀφθονίας
744 1329 806 1392 τῶν
832 1326 945 1410 μάροιν
974 1331 1031 1394 καί
1059 1333 1115 1414 τῆς
1137 1331 1172 1395 ἐκ

75 1423 200 1488 τούτων
218 1420 335 1498 ἰάσεως
352 1425 549 1511 α’φρρηκέναι
571 1423 626 1488 καί
644 1427 740 1489 ταῦθ’
765 1424 848 1510 ἡμᾶς
869 1427 1106 1512 ἠβουλήθησαν,
1128 1429 1172 1506 ῶς

75 1526 180 1605 μηδὲν
198 1520 284 1606 ἔχειν
303 1526 362 1587 τοῦ
382 1526 496 1587 λοιποῶ
515 1522 635 1587 τούτων
648 1522 833 1605 α’πολαάειν,
854 1521 961 1602 ὁσάκις
981 1523 1019 1592 άν
1042 1527 1173 1608 ἕκαστος

77 1627 191 1686 δέοιτο.
234 1623 285 1686 διὸ
299 1621 354 1686 καί
367 1615 630 1705 καταβεβληκάτες
648 1621 705 1698 τάς
726 1625 776 1688 e'n'
796 1623 878 1711 αάτῇ
897 1626 1090 1709 μαρμάρους
1108 1632 1173 1693 τῶν

76 1719 192 1804 μάριον
212 1719 365 1786 ἔσπευδον
386 1722 486 1806 oderis
501 1723 670 1787 ἒκκενῶσαι
684 1726 739 1788 καί
756 1707 791 1789 τά
816 1721 901 1807 ἱερὸν
922 1727 978 1788 καί
999 1730 1088 1790 θεῖον
1108 1730 1172 1790 λεί-

33 1828 184 1902 sideros
203 1825 263 1884 rosi
284 1819 446 1904 periuroque
459 1823 617 1904 ἐκβαλεῖν·
640 1821 777 1907 ἧνοῦντο
796 1820 857 1908 γάρ
879 1825 937 1887 τοῦ
957 1825 1079 1889 σκοποῦ
1098 1827 1173 1890 rori·

78 1941 139 1984 του
162 1928 349 2002 κατατυχεῖν
379 1921 435 1984 καί
459 1920 545 2004 ἡμᾶς
571 1923 633 1985 τῶν
658 1918 822 1985 citerdrose
850 1919 962 2006 μάραν
991 1929 1174 1988 καταλιπεῖν

78 2019 205 2093 ἐνδεεῖς.
248 2017 330 2103 πλὴν
351 2021 420 2084 ἀλλ’
441 2019 499 2082 osis
519 2022 565 2095 τίς
578 2023 666 2094 τέλος
687 2014 753 2086 οἷον
773 2019 866 2085 αάτοί
886 2025 1057 2108 σφαλερῶς
1076 2045 1174 2106 προσ.

78 2118 199 2182 eodum
229 2117 250 2203 ἦ
279 2123 370 2203 σφῶν
399 2119 556 2199 ἐπιθυμία
582 2121 684 2204 ἐξέβη.
738 2117 901 2203 ἑξῆντλοιιν
929 2112 986 2186 σάν
1017 2117 1052 2184 τά
1070 2119 1173 2204 μάρον

78 2227 149 2292 ταῖς
171 2221 283 2300 χερσίν
304 2219 501 2302 ἀμφοτέραις
515 2219 567 2302 ἐφ’
587 2213 699 2292 ἱκανάς
717 2215 776 2292 τάς
801 2217 937 2302 ἡμέρας·
954 2221 1008 2284 καί
1029 2227 1094 2296 τοϊς
1114 2224 1174 2300 μὲν

32 2339 71 2381 20
79 2313 124 2392 ῶς
141 2341 172 2381 τι
191 2324 312 2400 γελοῖον
335 2315 459 2380 ἐδόκει·
503 2311 549 2391 οἷς
580 2317 616 2379 δέ
643 2318 719 2390 νοῦς
739 2311 818 2400 ὑπὲρ
847 2314 922 2392 τούς
938 2310 1054 2394 ἄλλους
1073 2319 1170 2401 ὑπῆν,

78 2417 205 2490 τούτοις
219 2409 259 2499 ἦν
282 2417 429 2496 ἐπιμελές
449 2412 528 2498 πρὸς
548 2412 606 2499 τήν
625 2410 750 2478 ἑαυτῶν
770 2418 862 2478 τοῦτο
874 2420 1097 2499 μιτακσμίζειν
1118 2421 1175 2482 καί

78 2518 150 2596 μετ’
171 2517 283 2590 αἰδοῦς
303 2510 461 2580 ἅπτεσθαι
482 2515 537 2578 καί
559 2512 778 2595 σεβάσματος·
801 2511 988 2600 ἠκηκόεισαν
1007 2514 1066 2600 γάρ
1090 2515 1171 2601 πρὸς

78 2618 143 2680 τῶν
162 2617 402 2700 πεπειραμένων
431 2609 475 2691 ῶς
506 2615 654 2699 ἰατρικῶν
681 2609 860 2700 φαρμάκων
881 2612 975 2695 fieriu
996 2616 1170 2702 ἐνεργέστε-

80 2950 225 3021 sepolebrs
241 2956 376 3003 exstructa
393 2955 512 3001 reseratu
533 2956 596 3001 sunt
613 2955 642 3000 et
662 2947 791 3010 disiecta,
815 2954 844 3000 et
860 2947 1018 3000 cadaverum
1034 2950 1168 3020 reliquiae

80 3023 110 3074 in
129 3023 168 3074 eis
184 3023 303 3073 iacentes
320 3036 402 3091 super
421 3027 519 3071 terrum
537 3017 687 3089 dispersae:
706 3019 809 3070 inillis
829 3021 901 3070 enim
918 3021 1022 3072 Torone
1039 3021 1169 3090 pecuniae

80 3111 96 3143 e
118 3090 222 3143 ciuibus
242 3093 391 3163 repositus,
411 3105 491 3142 erues
510 3091 564 3141 ium
609 3094 832 3156 rsenerrete,1re
852 3105 945 3154 erere,
968 3098 1170 3174 proptereaque

80 3164 139 3214 iere
157 3162 248 3213 omnis
272 3171 301 3214 et
328 3169 481 3214 reserarunt
505 3169 534 3214 et
559 3107 760 3226 subverterem
784 3169 812 3212 ut
833 3107 881 3212 lic
897 3159 1002 3232 duplici
1019 3159 1055 3212 de
1072 3178 1169 3227 conse,

79 3243 140 3285 tum
159 3241 271 3302 propter
288 3249 322 3284 ex
340 3249 399 3284 non
417 3247 500 3316 parvo
519 3248 585 3283 unro
599 3239 627 3283 et
647 3239 758 3301 urgento
773 3239 802 3284 et
817 3230 956 3303 lapidibus
973 3233 1100 3302 pretiosis
1118 3249 1170 3285 nee

79 3319 138 3355 non
158 3311 187 3354 et
203 3305 313 3370 gemmis
330 3305 399 3355 eirca
417 3302 488 3354 rllud
505 3304 683 3372 compositum
702 3309 845 3366 ornatum,
863 3310 921 3354 tum
938 3310 1049 3372 propter
1066 3305 1169 3354 sunite-

79 3383 137 3426 tern
155 3374 287 3426 exbibens
314 3373 436 3425 divinum
457 3382 633 3442 unguentum.
676 3373 804 3426 nonnulli
831 3373 902 3424 enim
926 3381 1037 3432 ornatus
1061 3381 1169 3426 tanturn

80 3446 168 3514 gretia
188 3443 258 3496 illud
271 3445 471 3514 despoliarunt3
489 3446 538 3496 alii
549 3442 629 3496 nubis
646 3453 846 3513 unguentorum
863 3444 1026 3495 affluentium
1042 3443 1170 3497 inviden-

79 3526 139 3577 tes,
157 3524 185 3568 et
206 3531 277 3588 quse
293 3516 359 3566 inde
379 3517 562 3586 subsequitur,
580 3516 696 3567 sanitate
720 3531 770 3566 noe
788 3516 892 3584 privare
909 3515 1071 3584 cupientes,
1088 3523 1120 3567 ut
1137 3517 1168 3568 in

79 3595 217 3656 posterum
238 3587 286 3638 illa
306 3585 538 3649 nobismedloins,
557 3601 617 3638 eum
633 3601 702 3656 opue
721 3592 800 3647 esset,
816 3585 893 3636 nulla
910 3593 1076 3655 suppeteret.
1098 3601 1167 3656 qun-

79 3666 192 3778 propter
209 3657 379 3727 superstratis
395 3657 572 3709 marmoribus
593 3655 711 3707 disiectis
732 3655 875 3724 unguenta'
893 3673 949 3708 nou
969 3656 1023 3710 levi
1040 3656 1100 3708 nisu
1117 3673 1167 3708 ex-

101 3730 218 3791 σαῶσαι,
235 3738 263 3780 et
281 3745 386 3780 sacrum
401 3728 578 3797 divinumque
594 3727 717 3792 martyris
735 3741 831 3795 eorpus
849 3741 1004 3796 expromere
1023 3735 1166 3791 conentur,

81 3798 264 3868 opinabantur
280 3797 414 3868 siquidem
433 3799 603 3869 propositum
621 3797 752 3866 consequi
780 3813 885 3866 nosque
904 3805 1100 3864 unguentorum
1119 3798 1165 3849 in-

81 3870 273 3922 exhaustorum
290 3871 318 3920 in
338 3870 481 3921 orbitatem
504 3869 635 3936 redigere.
669 3875 866 3930 verumtamen,
895 3883 974 3936 quern
993 3867 1045 3919 sibi
1062 3877 1165 3919 temere

81 3951 258 4009 proposuerat
278 3956 372 3992 eorum
390 3939 486 4002 libido,
504 3939 586 3991 finem
603 3955 660 3989 non
677 3937 782 3990 hebuit.
819 3939 975 4006 perplures
994 3940 1086 4008 itaque
1106 3937 1165 3990 dies

81 4011 208 4062 ainbobus
226 4011 351 4064 manibus
370 4019 539 4079 unguentum
564 4007 789 4072 exhauriebatur,
808 4017 836 4060 et
852 4007 1012 4078 quibusdem
1026 4009 1108 4079 plene
1127 4008 1167 4060 ri-

82 4081 202 4130 diculum
222 4080 381 4149 videbatur3
404 4091 431 4133 at
457 4081 505 4151 qui
528 4082 589 4150 plus
619 4081 679 4132 aliis
700 4079 858 4148 sepiebant,
876 4095 956 4130 curne
975 4089 1032 4130 eret
1049 4078 1118 4130 illud
1134 4079 1166 4129 in

81 4152 196 4221 patrium
211 4152 359 4224 perducere
377 4162 406 4206 et
423 4168 484 4206 enm
505 4152 656 4207 reverentie
682 4151 871 4221 religioneque
897 4159 1076 4203 contrectare:
1102 4165 1165 4200 nem
