2675 4584
103 172 110 187 ·
206 134 286 221 136
507 156 681 221 osunen
713 131 955 221 susannam

198 309 351 393 Πάτρας,
372 305 588 391 εὑρισκόμενοι
611 309 658 383 εἰς
677 303 732 391 τόν
753 308 783 369 Γ
781 308 949 389 λορέντζιιν
969 303 1153 389 ἐγράψαμεν
1174 310 1315 369 πολλοι-

198 435 246 486 κις
264 406 343 494 πρός
358 407 435 483 τοός
454 410 507 489 τῆς
527 404 683 488 Πάτρας,
703 408 868 479 σταλέντος
888 405 956 468 ἐκεῖ
975 406 1033 469 τοό
1053 404 1256 484 Πειλάτου,
1286 402 1313 468 ά

196 509 370 589 συνέτυχον
406 507 474 569 ἐκεῖ
499 507 638 587 λέγοντες
657 501 765 580 αότοῖς
793 503 847 567 καί
866 502 940 587 περί
959 495 1003 567 ὧν
1024 502 1137 581 ἔταξαν
1158 507 1208 589 τῷ
1227 510 1309 569 Πε-

154 590 157 600 ’
197 606 300 693 όιότη.
343 602 373 669 οῖ
393 606 429 668 δὲ
457 604 663 685 ἀντέγραψαν
691 600 771 687 πρός
799 603 881 686 ἡμεῖς
902 601 1059 678 πολλάκις.
1102 600 1185 684 πλην
1208 604 1307 685 ἐκρί-

196 729 284 773 νοντο
316 708 391 789 παρ’
420 698 509 786 ἧμοόν
537 702 700 781 αἰλόνατα,
733 700 776 777 οἷς
807 704 861 765 καί
882 700 899 762 ό
924 698 1033 783 καιρός
1054 697 1163 779 ἔδοξε.
1208 704 1333 781 τέλοςῇ

196 804 372 887 ἐπήσομεν
401 802 454 867 ἵνα
484 800 538 865 διά
572 802 685 875 νυκτός
712 804 899 882 βαδίσαντες
928 799 1109 883 εόρεθοῖμεν
1131 802 1178 875 εἰς
1198 797 1304 864 τόπον

197 906 328 988 πλησίον
356 904 418 966 τοῖν
451 900 549 984 ὁρίων
580 902 644 965 τῶν
665 902 843 984 Πατρηνοίν
863 900 1070 980 άμπελάνοον,
1094 888 1303 978 καλούμενον

196 1008 241 1078 είς
262 1002 319 1077 τάς
336 1011 420 1085 τρεῖς
440 1002 620 1084 ἐκκλησίας,
644 1003 681 1065 ui'
706 994 881 1063 παλαιόθεν
902 992 995 1082 ἦσαν·
1046 1000 1145 1063 ἐκεῖσε
1178 998 1218 1061 δὲ
1241 996 1303 1059 ssi-

196 1104 318 1185 ρεθῶσι
338 1101 394 1165 καί
416 1098 446 1164 oi
467 1092 650 1183 άνθρονποι,
680 1098 735 1162 καί
755 1095 919 1181 δηλώσωσι
943 1092 1154 1171 πλατύνοντες
1172 1094 1215 1159 τά
1239 1093 1300 1159 διό

195 1203 345 1287 γραφῆς,
376 1201 432 1263 καί
459 1201 491 1263 εἰ
514 1202 574 1279 μὲν
605 1191 687 1282 ἦσαν
715 1193 857 1278 δυνατά,
886 1199 1098 1280 ἐνεργηθοῑσι,
1123 1196 1155 1259 εἰ
1182 1198 1213 1259 δ’
1236 1188 1333 1274 erist

197 1301 388 1380 ἀπέλθωμεν
410 1301 559 1384 φανεραῖς
578 1300 763 1361 ἀποκλεῖσαι
786 1294 820 1361 τὸ
842 1299 987 1379 κάστρον,
1009 1295 1064 1358 καί
1080 1294 1123 1371 εἷς
1144 1298 1229 1382 pipp
1256 1293 1297 1359 τό

197 1404 304 1487 φέρον.
345 1399 401 1461 καί
420 1398 490 1462 ίιλοό
514 1398 700 1480 ἐγράψαμεν
722 1394 946 1479 προστάγματα
968 1394 1046 1477 πρός
1076 1390 1299 1469 aduersaris

197 1503 232 1564 ἐν
252 1503 290 1585 τῇ
303 1499 438 1582 περιοχῇ
457 1499 513 1579 τῆς
529 1491 664 1578 Ἰθώμης
685 1494 740 1558 καί
755 1492 948 1577 Ἀνδροόσης
960 1498 994 1557 ἐν
1007 1496 1051 1579 τῷ
1071 1494 1299 1579 Μεσσηνιακρῖ

195 1597 301 1687 κόλπιρ
325 1600 380 1659 καί
398 1598 458 1660 κεῖν
481 1592 545 1659 ἕστο
566 1594 621 1658 καί
635 1593 695 1673 ἔξω
718 1596 831 1675 ζυγῶν,
855 1592 906 1655 ἵνα
928 1595 966 1679 τῇ
984 1590 1093 1679 πριότη
1113 1594 1169 1654 τοῦ
1188 1594 1296 1673 Μαρ-

196 1697 265 1761 τίου
293 1694 392 1778 μηνός
418 1696 474 1759 τοῦ
503 1694 605 1757 αὐτοῦ
636 1692 727 1768 ἔτους
757 1690 875 1757 ἔλθωσι
907 1689 988 1771 μετὰ
1022 1686 1126 1771 ῥ’πλονν
1154 1691 1210 1754 καί
1227 1692 1296 1754 τῶν
1315 1718 1333 1757 τι

198 1793 349 1859 πλειόνων
373 1790 551 1876 άνθριόπιυν
571 1795 627 1876 τῆς
651 1793 753 1877 ἀρχῆς
775 1788 843 1865 ἑνός
864 1786 996 1855 ἑκάστου
1018 1788 1136 1869 oticsis,
1158 1788 1214 1851 καί
1234 1787 1294 1853 oii-

113 1923 117 1932 ’
197 1917 260 1967 τισς
280 1896 433 1967 τακτικοῖς
456 1895 591 1955 διελθεῖν
611 1889 666 1955 τόν
685 1888 781 1955 τόπον
796 1894 852 1953 τοῦ
872 1896 1049 1975 πριγκίπου,
1071 1887 1126 1952 καί
1147 1891 1296 1971 δεχθαῖσι

197 1996 253 2056 καί
271 1988 537 2073 συναπαντὴαιοσι
569 1988 622 2055 τόν
649 1988 719 2053 νέον
750 1989 906 2073 ου’θὲνιην
933 1986 1153 2070 εἰσερχόμενον
1181 1990 1216 2053 ἐν
1245 1992 1297 2077 τρῖ

197 2093 414 2175 Μεσσηνιακῷ
435 2088 538 2175 κόλπιρ
558 2092 614 2153 καί
628 2092 740 2171 ζυγοῖς.
785 2085 899 2166 ὁμοίως
919 2086 1062 2172 ἐμηνύθη
1083 2091 1138 2151 καί
1156 2090 1201 2173 τῷ
1214 2095 1295 2153 Λα-

197 2188 308 2272 σκάρει
328 2190 455 2276 Ἀλεξίιρ
480 2194 524 2275 τῷ
545 2190 579 2250 ἐκ
594 2190 777 2271 Βοστίτζης.
800 2186 942 2261 ἐλθόντες
965 2180 1020 2251 οὖν
1041 2185 1228 2271 ἐκινήθημεν
1248 2190 1296 2250 ου’
1304 2214 1333 2257 :u

198 2287 252 2353 διά
274 2291 330 2371 τῆς
351 2284 428 2351 ὁδοῦ
449 2290 505 2369 τῆς
526 2286 605 2371 πρός
626 2286 680 2371 την
697 2280 832 2367 Ἄσσον,
867 2283 947 2349 ἀλλὰ
970 2283 1024 2349 διά
1042 2286 1098 2369 τῆς
1116 2286 1149 2361 ἐξ
1169 2285 1294 2351 raimeri-

275 2483 296 2516 1·
315 2462 514 2535 εὑρισκόμενος
531 2466 550 2517 Ρ
649 2481 674 2515 a.
692 2432 765 2535 πρός
784 2458 833 2523 οὓς
852 2466 1002 2532 συνέτυχον
1017 2464 1055 2532 τῷ
1072 2462 1219 2535 Παδιιὲτη,
1238 2469 1294 2519 καὶ

271 2533 454 2605 ἀντέγραψαν
470 2536 500 2585 Μ
576 2554 600 2603 7·
618 2540 749 2605 πατρίων
769 2533 902 2606 ἀμπέλινον
919 2536 937 2583 P
1029 2550 1064 2585 ιο.
1083 2528 1117 2598 ἦν
1135 2534 1255 2589 δυνατόν
1270 2538 1291 2588 P

277 2623 315 2656 ιι.
331 2609 380 2659 καὶ
397 2604 606 2677 ιίποκλιίσωμεν
626 2607 645 2657 Ρ
716 2622 757 2657 οι.
774 2612 820 2671 της
836 2610 902 2674 περὶ
919 2600 1042 2674 (nupsit)
1061 2598 1111 2658 τόν
1130 2597 1249 2675 ἆλψειόν
1268 2609 1288 2657 t'

199 2759 328 2817 bassaris.
345 2758 417 2809 iuter
432 2776 556 2827 proceres
567 2759 642 2811 illius
660 2758 755 2811 domus
773 2758 907 2827 princeps,
927 2756 960 2808 ad
980 2756 1182 2825 gubernandam
1197 2758 1288 2811 Borti-

200 2838 267 2880 tssm
281 2830 388 2880 seiictus
401 2838 442 2882 est
459 2829 553 2899 ibique
570 2830 706 2881 remansit.
728 2830 757 2879 in
767 2829 836 2880 viam
847 2830 927 2896 igitur
941 2844 969 2879 se
981 2827 1066 2889 dedit,
1082 2836 1111 2879 ut
1122 2828 1287 2896 significavi,

200 2899 393 2951 Constantinus
410 2900 532 2968 despota,
551 2896 675 2951 dominus
694 2916 778 2963 meus,
798 2916 901 2949 mecum
915 2898 973 2948 solo
991 2899 1019 2949 in
1035 2914 1062 2949 re
1072 2898 1191 2949 Patrensi
1205 2899 1286 2951 adiu-

199 2977 277 3033 tore;
291 2970 431 3039 quumque
441 2971 603 3022 Giurentzae
613 2987 738 3031 essemus,
748 2969 859 3021 Pediate
874 2970 970 3021 nuntio
982 2970 1030 3032 usi,
1041 2984 1120 3037 saepe
1132 2970 1286 3037 scripsimus

197 3039 232 3090 ad
244 3042 382 3091 Patrenses
400 3040 435 3091 de
455 3041 497 3103 iis,
518 3058 661 3110 quaecum
677 3040 788 3092 Pediute
801 3048 911 3109 egerunt
927 3040 1184 3109 constitueruntque,
1199 3046 1285 3109 atque

197 3110 241 3160 iili
264 3128 345 3179 saepe
366 3110 447 3161 nobis
477 3112 684 3180 rescripserunt:
716 3127 786 3180 quse
812 3120 903 3162 tamen
931 3109 1115 3161 iudicabamus
1143 3109 1201 3160 iieri
1227 3126 1285 3163 non

197 3197 296 3251 posse:
325 3182 355 3233 id
382 3185 457 3251 quod
479 3189 585 3249 tempus
609 3180 740 3250 probavit.
758 3182 866 3233 tandem
896 3181 1100 3243 constituimus,
1126 3188 1158 3231 ut
1174 3187 1284 3232 noctur-

197 3268 235 3302 no
254 3252 352 3303 itinere
369 3252 399 3302 iu
417 3252 505 3302 locum
519 3251 620 3302 finibus
638 3252 803 3303 Patrensium
827 3252 978 3303 vinetorum
1002 3252 1118 3301 ricinum
1146 3267 1195 3303 uos
1218 3268 1284 3303 eon·

197 3322 345 3384 ferremus,
361 3338 377 3371 a
395 3322 482 3372 tribus
501 3322 621 3372 ecclesiis
639 3330 832 3391 nuncupatum,
853 3338 921 3391 ροσε
941 3336 973 3372 ex
989 3322 1069 3387 longo
1081 3320 1146 3373 inde
1164 3330 1283 3391 tempore

197 3391 237 3442 ibi
255 3400 347 3445 erant:
364 3392 459 3443 eorlern
477 3391 521 3442 iili
544 3408 573 3443 se
593 3393 761 3455 conferrent,
781 3402 809 3443 et
827 3410 896 3461 quae
914 3392 1092 3460 scripsissent,
1109 3391 1215 3461 pionius
1235 3409 1285 3443 co-

196 3477 253 3511 ram
271 3472 457 3531 exponerent3
486 3471 567 3531 atque
584 3479 616 3513 ea
644 3464 665 3513 si
687 3462 796 3532 quidem
821 3471 910 3514 essent
936 3461 1082 3525 eiusmodi,
1102 3472 1132 3515 ut
1149 3463 1205 3513 {ieri
1220 3480 1285 3531 pos-

197 3540 271 3594 sent,
289 3534 401 3585 tierent:
421 3534 463 3584 sin
477 3533 584 3598 minus,
608 3540 702 3601 aperte
721 3534 755 3583 ad
774 3534 869 3603 oppidi
894 3532 1065 3584 obsidionem
1084 3533 1285 3601 aggrederemur

197 3609 227 3651 et
243 3604 461 3669 permitteremus
487 3620 542 3654 rem
565 3612 684 3655 nostram
709 3604 839 3655 fortunas.
869 3605 933 3655 item
962 3603 996 3664 ad
1015 3620 1107 3655 omnes
1125 3605 1154 3655 in
1173 3606 1285 3657 circuitu

196 3669 316 3723 Ithomes
332 3674 516 3738 etdndrusse,
535 3673 570 3725 ad
585 3675 673 3725 sinum
684 3672 877 3725 Messeniacuur
894 3684 922 3726 et
939 3674 1010 3726 iutro
1027 3674 1071 3725 vel
1084 3684 1158 3727 extra
1175 3682 1285 3727 tractum

114 3744 119 3755 '
195 3740 273 3791 iilum
286 3741 450 3806 habitantes,
461 3746 624 3814 scripsimus,
635 3754 666 3795 ut
678 3744 797 3797 calendis
806 3746 911 3797 Martiis
921 3744 1042 3797 eiusdem
1053 3746 1119 3797 anni
1130 3762 1189 3797 cum
1199 3747 1284 3809 armis,

196 3826 331 3880 manuque
345 3814 456 3866 militari
474 3832 530 3867 non
547 3816 642 3884 exigua
658 3815 770 3867 ditionis
797 3832 861 3867 suus
891 3814 1009 3885 quilibet
1034 3815 1178 3880 adessent,
1199 3818 1283 3869 etita

197 3880 321 3933 instructi
352 3882 419 3935 fines
448 3887 577 3954 principis
605 3888 766 3949 transirent,
794 3895 1020 3955 occurreruntque
1052 3903 1122 3947 πονο
1152 3887 1282 3957 principi,

197 3966 289 4001 versus
307 3953 394 4004 sinum
416 3955 610 4007 Messeniacum
637 3964 665 4009 et
688 3956 764 4007 illum
797 3965 909 4007 tractum
940 3954 1108 4024 procedenti.
1143 3956 1213 4009 idem
1230 3959 1281 4011 Bo-

196 4021 299 4073 stiuam
321 4023 418 4075 Alexio
438 4025 542 4077 Lascari
562 4028 715 4081 nuntiatum
731 4036 777 4079 est.
813 4044 862 4078 uos
880 4028 948 4079 vium
966 4044 1021 4079 non
1035 4044 1102 4091 esna,
1122 4044 1191 4100 quae
1210 4036 1281 4083 trans
