2675 4584
212 190 298 304 296
415 174 418 180 ’
530 213 703 280 cronon
733 208 975 278 vualdmari
1011 239 1015 248 ·

208 367 228 432 6
251 365 408 448 Μαύμεθ
427 361 615 449 ε’παρεκύλει
629 366 673 450 τῇ
693 362 796 428 αὑτοῦ
814 363 908 450 κορίρ
928 360 969 448 τῇ
980 359 1035 422 κατ’
1054 355 1182 441 γυναικί
1200 357 1313 422 ταῦτα

208 470 310 550 λέγειν
338 463 394 530 κατ’
413 459 617 548 βεβαιούνειν,
644 463 701 528 καί
720 468 885 545 παραινεῖν
912 462 964 524 ἵνα
996 455 1041 540 μή
1072 459 1211 538 λυπῆται
1233 455 1310 518 ἀλλ’

208 567 262 632 ἵνα
281 568 393 652 χαίρη.
446 563 467 647 ή
497 565 533 628 δὲ
554 560 632 647 γυνή
661 563 809 628 ἐπίστευε
831 562 877 648 τρῖ
900 559 1073 644 φευδαββᾷ
1092 561 1198 620 πλεῖον
1219 550 1242 637 ἢ
1262 559 1311 642 τῷ

207 665 313 748 α’κδρί.
354 660 410 728 tut
429 665 520 728 τοῦτο
539 664 666 745 λέγουσι
678 661 733 724 κατ’
745 657 776 724 οἶ
796 657 909 732 πάντες
929 651 978 722 ὅτι
996 653 1183 737 ύΜωύμεθ
1202 649 1308 738 ῶρισε

209 762 284 839 τούς
312 761 473 845 μοναχούς
494 757 616 835 πύκτας
635 760 754 834 α’τελεῖς
775 753 857 823 εἶναι
892 755 948 822 καί
970 747 1225 842 ἀφορολογήτους
1246 753 1337 818 διιὶ5

210 861 268 947 τήν
296 865 354 928 τοῦ
381 864 553 944 φευδαββῶ
579 861 713 942 Σεργίοο
733 854 860 942 φιλίαν,
886 853 942 920 καί
962 849 1062 929 οὕτως
1083 849 1304 939 παρήγγειλεν.

206 961 313 1045 ἔλεγεν
339 954 398 1024 oria
418 969 490 1034 ταῖς
520 963 663 1042 γυναιξίν
694 955 776 1041 caira}
797 952 847 1020 ὅτι
869 953 887 1019 6
912 952 991 1039 ῶνήρ
1014 955 1113 1038 αὐτῆς
1136 950 1307 1037 προφήτης

206 1063 305 1127 ε’στίν.
348 1060 404 1123 καί
423 1058 510 1139 παρῶ
538 1058 600 1123 τῶν
622 1059 779 1140 γυναικοῖν
809 1057 855 1130 εἰς
877 1052 953 1130 τούς
974 1047 1092 1138 ἄνδρας
1114 1053 1221 1117 αύτῶν
1243 1077 1304 1136 κη·

207 1162 356 1243 ροχθείς,
378 1160 433 1222 καί
451 1154 552 1234 ούτοος
573 1156 607 1222 ἕν
627 1161 672 1243 τῷ
684 1150 790 1241 κύομφ
809 1151 896 1238 παρῶ
918 1155 980 1218 τῶν
1001 1145 1152 1240 ῶφρύνονν
1173 1149 1190 1214 6
1213 1169 1305 1234 ψευ-

207 1256 408 1345 ύοπροφήτης
433 1258 628 1339 ῶνύμασται,
654 1257 710 1320 καί
729 1252 787 1330 ἓως
807 1257 865 1318 τού
883 1255 940 1318 νύν
959 1249 993 1317 τὸ
1012 1245 1091 1316 mirri
1111 1253 1194 1334 μίγα
1216 1253 1327 1332 φεύ-ι

207 1363 262 1434 (λος
283 1356 371 1441 παρὰ
394 1359 459 1422 τῶν
480 1355 688 1439 Ἰσμαηλιτῶν
701 1345 821 1440 ᾅδεται.
863 1348 1087 1436 ἀποθανούσης
1108 1352 1144 1416 δὲ
1163 1353 1220 1434 τής
1242 1374 1305 1432 γο-

206 1456 314 1534 ναικίις
335 1458 436 1522 αύτσύ
455 1454 648 1539 κληρονόμος
671 1454 728 1518 τού
745 1451 819 1536 βίον
840 1453 896 1518 καί
915 1447 1051 1516 πλούτου
1070 1453 1126 1514 τοῦ
1145 1449 1306 1516 τοσούτου

207 1558 304 1640 αύτής
318 1553 490 1639 γενόμενος,
506 1552 672 1640 φύλαρχος
684 1551 747 1616 τῶν
759 1552 959 1634 Ἰσμαηλιτῶν
968 1552 1031 1615 τῶν
1043 1551 1112 1614 ε’κιῖ
1126 1549 1308 1635 ἐχρημάτι-

208 1659 271 1736 ζεν.
321 1649 389 1720 εἶτα
418 1649 587 1738 ἐρχόμενος
613 1650 631 1716 6
660 1647 813 1734 dunelmie
843 1645 1028 1734 Ἡράκλειος
1051 1649 1094 1738 τῷ
1112 1646 1181 1713 τότε
1200 1651 1308 1736 καιρῷ

207 1758 244 1821 ἐκ
276 1755 332 1837 τής
351 1753 513 1838 Περσίδος
538 1745 619 1832 μετὰ
646 1754 733 1834 νίκης
759 1743 919 1833 μεγύλης,
949 1747 1005 1812 καί
1032 1751 1137 1814 θέλων
1158 1751 1325 1829 περῶοαιι

207 1858 341 1938 πλησίον
375 1847 453 1916 dcet
478 1846 605 1936 ἡμερῶν
632 1853 729 1914 τινῶν
762 1843 839 1912 britia
867 1849 902 1912 ἐν
931 1849 1060 1922 ε’κείνοις
1082 1856 1148 1924 τοῖς
1168 1850 1303 1930 μέρεσιν

206 1950 289 2018 ἔνθα
310 1952 449 2034 διέτριβε
480 1949 537 2013 καί
557 1946 691 2036 κατῴκει
721 1945 738 2012 6
762 1941 941 2031 ἇλιτήροις,
963 1946 1006 2023 ῶς
1032 1939 1147 2030 ήκοοσε
1168 1949 1258 2011 τοῦτο
1280 1941 1301 2009 6

206 2047 360 2136 πονηρύς,
383 2047 527 2133 πρόεισιν
547 2052 594 2125 εἰς
614 2043 825 2132 προσκύνησιν
844 2050 902 2113 καί
920 2045 1157 2136 προύπύντησιν
1176 2050 1221 2134 τῷ
1239 2052 1302 2130 βα-

205 2155 295 2218 σιλεῖ
314 2147 395 2229 μετὰ
426 2144 539 2232 δῶρον
569 2149 751 2229 πολυτίμων
779 2150 904 2213 πολλῶν
929 2149 1026 2226 α’ξίαν
1054 2151 1223 2232 βασιλεῦσι
1244 2147 1305 2211 καί

206 2272 302 2313 τινων
322 2246 381 2311 ούκ
399 2245 512 2332 ὀλίγον
528 2244 563 2313 ἐκ
584 2247 638 2332 τῆς
660 2247 758 2330 αύτής
779 2251 891 2333 φολής.
934 2249 1063 2326 ἐδέξατο
1082 2239 1138 2314 oria
1157 2245 1256 2312 αύτύν
1278 2245 1338 2311 62

206 2345 358 2431 βασιλεύς
377 2344 431 2412 eat
456 2345 515 2431 τήν
536 2342 698 2430 ύποταγήν
715 2347 770 2412 καί
787 2343 926 2430 μεγάλην
945 2343 1137 2431 δουλοσύνην
1156 2345 1197 2431 ἢν
1216 2343 1300 2412 ἔδει·

207 2451 264 2523 ξι·
304 2448 362 2511 καί
380 2448 490 2530 χῶραν
508 2441 639 2530 αι’τήοας
651 2447 695 2533 τῶ
715 2449 844 2526 βασιλεῖ
864 2449 909 2520 εἰς
930 2449 1120 2531 κατοίκησιν,
1144 2445 1200 2513 κατ’
1218 2449 1298 2512 ε’ύιο-

207 2546 329 2632 ρήοατο
349 2542 367 2611 6
385 2541 537 2630 βασιλεύς
557 2540 639 2627 μετὰ
666 2540 852 2630 γράμματος
875 2548 1052 2629 βασιλικοῦ.
1069 2547 1300 2630 ἀ’ναζιοούμε-

209 2829 292 2876 tatem
310 2819 391 2890 Cpoli
409 2819 485 2872 exaul
502 2819 688 2875 ethlolrameti
701 2822 854 2875 familiaria:
872 2821 945 2875 huuc
962 2820 1010 2873 ille
1029 2812 1185 2884 adhibebat,
1199 2831 1229 2874 ot
1246 2821 1296 2874 be-

210 2910 257 2946 rae
275 2901 305 2944 et
320 2893 429 2960 coniugi
443 2908 508 2944 suae
525 2891 637 2956 diceret,
654 2893 856 2947 commendaret
874 2902 902 2946 et
919 2892 1102 2963 peranaderet,
1123 2908 1158 2944 ne
1175 2895 1296 2946 tristare-

209 2973 263 3027 tur,
281 2964 335 3017 imo
356 2965 447 3032 potina
465 2962 610 3030 gauderet:
635 2963 811 3035 habebatque
839 2963 936 3016 mulier
952 2963 1132 3034 paeudabhati
1151 2967 1297 3026 maiorem,

210 3051 291 3105 quarn
309 3034 408 3086 marito
427 3033 516 3085 tidem.
535 3049 589 3102 qua
609 3034 644 3086 de
662 3053 692 3087 re
710 3051 804 3088 omnae
829 3036 968 3098 affirmant,
986 3033 1166 3088 ltlohametem
1186 3045 1298 3104 propter

209 3104 404 3176 pecudabbatia
423 3105 509 3172 Sergii
526 3105 673 3158 amicitiam
692 3106 880 3170 coarticulare,
897 3115 927 3158 ut
945 3107 1036 3158 cuncti
1055 3106 1180 3157 monachi
1199 3107 1299 3158 immu-

209 3192 259 3229 τιον
276 3183 383 3228 errent:
401 3174 477 3245 quod
492 3191 558 3227 rane
581 3176 731 3245 imperarit.
760 3195 824 3230 anor
841 3175 1001 3230 Mohametie
1018 3178 1115 3229 coniux
1137 3175 1297 3230 mulieribua

209 3248 353 3318 pertharit,
368 3248 496 3298 maritum
512 3263 590 3298 auum
607 3246 769 3317 prophetam
793 3265 869 3314 erre;
895 3255 977 3318 atque
994 3265 1010 3298 a
1030 3247 1137 3300 seminia
1156 3247 1297 3300 hloharne-

209 3327 250 3370 tea
268 3317 371 3370 matitia
385 3315 596 3380 commendatur,
614 3325 752 3387 postremo
792 3336 820 3370 er
837 3318 929 3371 orbern
946 3328 1078 3371 terrarum
1095 3317 1130 3368 ab
1149 3319 1242 3372 inrciia
1262 3335 1294 3372 eo

209 3387 732 3511 ttt¹”t‚tttll2‘“tizt‘bitti
746 3335 1296 3530 tlttllildttll‘lltddttt

455 3495 462 3508 ”
712 3498 721 3523 i

91 3539 97 3550 ·
208 3531 306 3593 lactor,
325 3529 520 3582 lamaelitarum
539 3546 605 3580 auae
624 3530 742 3598 regionis
761 3530 816 3583 dux
831 3531 924 3584 evaait.
945 3531 994 3582 lllo
1014 3539 1135 3600 tempore
1156 3531 1263 3584 redient
1280 3547 1295 3582 e

209 3601 297 3652 Peraia
315 3607 379 3669 poet
403 3615 527 3668 magnam
555 3600 696 3653 victoriam
723 3602 758 3654 ina
780 3610 868 3654 erutor
891 3603 1042 3666 Heraclius,
1068 3602 1175 3671 aliquot
1191 3601 1294 3654 dierum

209 3670 309 3723 itinere
336 3670 372 3721 ad
391 3687 424 3721 ea
450 3671 511 3722 loca
528 3671 675 3740 procedere
698 3619 816 3736 volebat,
835 3674 863 3724 in
882 3673 980 3794 ‹puibur
1000 3674 1117 3726 nasarius
1133 3673 1186 3724 iate
1205 3689 1295 3726 verea-

209 3741 292 3794 batur
310 3748 339 3793 et
356 3740 506 3794 habitabat.
535 3741 610 3811 quod
629 3742 677 3794 ubi
695 3742 800 3796 audivit
820 3742 892 3796 nebu
906 3763 939 3807 o,
958 3743 993 3796 ad
1010 3743 1177 3796 adorandum
1207 3743 1294 3814 impe-

211 3820 328 3864 ratorem
344 3830 404 3864 cunr
424 3811 487 3863 aliia
513 3813 654 3865 nonnullis
674 3813 760 3865 tribue
784 3831 848 3868 auae
866 3811 1021 3868 hominibus
1040 3815 1146 3866 obviarn
1169 3813 1195 3864 ei
1213 3815 1295 3884 proli·

212 3882 339 3943 circitor,
364 3880 445 3932 donia
469 3882 595 3951 pretioeia
621 3893 650 3936 et
668 3885 829 3954 imperatore
854 3885 942 3954 dignis
966 3893 1087 3938 onustur.
1109 3885 1218 3954 excepit
1235 3902 1294 3938 euru

212 3954 359 4018 imperator
373 3959 485 4020 propter
500 3953 660 4005 modestiam
679 3964 707 4007 rt
723 3955 904 4008 obedientlam
922 3957 1063 4023 inriguam,
1084 3971 1165 4025 quam
1185 3972 1249 4024 prae
1268 3973 1294 4006 re

212 4022 286 4083 tulit,
305 4028 334 4072 et
351 4027 458 4081 terram,
477 4038 557 4091 quarn
574 4022 724 4088 habitabat,
746 4035 860 4094 rogatur,
882 4025 992 4078 donavit
1011 4025 1036 4077 ei
1056 4043 1112 4076 cara
1132 4045 1190 4076 curu
1210 4027 1294 4078 literia

209 4090 514 4164 imperatoriamque
533 4093 799 4157 thahanitarum
819 4096 919 4170 acripto
937 4097 1107 4168 imperatoria
1129 4105 1157 4150 et
1174 4097 1294 4150 eiusdem
