2675 4584
179 276 235 337 nn
259 269 627 338 renasuoummvss
647 271 813 336 merore
828 267 1055 335 usunsuo.
1087 240 1163 329 5οι

80 417 158 497 ἰιτός
172 425 261 510 φυγῇ
273 423 384 486 πολλοί
400 422 596 506 χρησάμενοι
615 421 794 506 λεληθότως
814 419 956 505 ἀπῄεσαν
975 419 1092 503 οἴκαδε,
1113 426 1172 502 μέ-

81 545 138 604 ρος
169 523 238 585 τῶν
252 523 366 603 τειχῶν
395 519 452 583 οάκ
483 520 587 604 ὀλίγον
618 517 736 603 ἔρημον
767 516 1033 593 καταλελοιπάτες.
1077 524 1172 584 τοῦτο

80 623 193 700 μεῖζον
212 616 326 700 ἔδοξεν,
348 615 425 684 ὅσον
440 627 507 683 κατ’
527 617 725 703 α’νθράπινον
741 617 899 700 λογισμόν,
923 620 1008 681 αι’τία
1022 623 1078 682 τοῦ
1097 625 1171 697 μεθ’

80 718 208 802 ἡμέραν
229 723 336 781 κακοῦ.
390 723 445 782 καί
470 717 532 800 γάρ
554 719 585 782 εἰ
602 715 763 798 μενόντων
792 715 940 780 ἁπάντων
961 719 1014 780 έπί
1033 724 1090 781 τοῦ
1109 723 1172 783 τεί-

49 825 72 886 5
81 840 172 898 χοος,
194 815 254 896 μίιι
274 814 366 900 ψυχή
388 822 561 898 γενομένων
589 816 645 881 καί
666 811 808 880 θάνατον
828 811 983 895 ἑλομένων
1004 816 1083 899 ὑπὲρ
1108 843 1172 904 φν-

80 919 181 999 λακῆς
201 917 258 998 τῆς
277 918 437 998 πατρίδος,
462 914 552 995 μόλις
573 913 611 980 άν
632 914 762 996 ἡπόλις
783 917 815 992 έξ
837 915 938 998 αὑτῆς
956 918 1172 1001 ὑίατετηρητο,

79 1015 150 1088 πῶς
171 1008 211 1078 dv
228 1017 354 1078 τοιοῦδε
375 1017 607 1099 συμβεβηκότος
624 1016 682 1079 oris
706 1011 772 1096 εἶχε
783 1023 854 1095 μετ’
874 1013 1018 1090 εὐκολίας
1033 1017 1171 1097 diuitem

79 1107 186 1189 οὕτως
212 1107 269 1177 οὖν
294 1115 356 1178 τάν
376 1116 526 1180 Λατίνων
554 1117 837 1196 διαπραξαμένων,
858 1119 914 1178 καί
943 1118 1005 1178 τῶν
1035 1119 1173 1199 τριηρῶν

78 1216 161 1292 μίαν
182 1213 262 1298 πρὸς
276 1217 460 1294 ναυμαχίαν
478 1214 722 1297 πεπληρωκὸτων
736 1213 789 1277 διά
805 1211 861 1298 την
876 1221 939 1278 τιὸν
958 1219 1076 1278 πλοίων
1096 1219 1172 1302 αι’φ-

26 1312 181 1382 mutus
211 1310 429 1397 προσδοκίαν,
449 1313 579 1396 άληθεῐς
610 1315 817 1378 διειλέάιννντο
848 1315 902 1378 κατ’
933 1309 963 1377 oi
996 1317 1070 1396 περί
1099 1312 1173 1378 end·

79 1435 146 1475 των
164 1408 243 1494 ἡμῖν
262 1406 452 1495 ἦγγελκότες.
496 1405 616 1497 ὄρθρον
637 1410 697 1496 γάρ
720 1414 901 1487 ἐπιστάντος
914 1411 952 1476 τά
977 1419 1071 1476 πλοῖα
1092 1411 1172 1496 πρὸς

78 1509 137 1574 τὸν
159 1512 270 1592 λιμένα
289 1509 408 1586 πάσαις
426 1508 547 1586 κώπαις
567 1516 729 1594 καταίρειν
749 1513 923 1596 ἐπείγονται
943 1511 981 1576 τά
1004 1518 1173 1594 βεβουλευ-

78 1612 163 1689 μένα
187 1611 388 1691 άιαπερᾶναι.
423 1608 487 1686 'oie
518 1611 554 1674 δέ
582 1609 714 1695 πλησίον
739 1616 876 1695 γένοιντο
902 1611 961 1696 την
981 1615 1045 1675 κατ’
1066 1611 1172 1676 αὐτῶν

80 1707 241 1792 σοσκεοην
264 1711 327 1772 τάν
345 1711 380 1774 έν
400 1712 510 1785 αὐτοῖς
523 1710 580 1773 οιίκ
593 1709 737 1794 thideus,
761 1713 816 1774 καί
835 1709 856 1794 η’
881 1711 1020 1795 τριήρης,
1041 1707 1085 1784 ὥς
1104 1706 1171 1792 εἶχε

27 1806 219 1888 ιὸτάχονς,
250 1808 363 1872 αοίίκα
393 1817 499 1889 χωρεῖ
515 1815 583 1872 κατ’
603 1802 732 1888 αὐτῶν,
764 1807 820 1872 καί
849 1810 895 1884 εἰς
916 1815 1065 1872 τοσοῦτον
1085 1806 1170 1874 αο’τά

80 1903 317 1990 κατηνάγκασεν
352 1909 408 1969 καί
435 1909 479 1983 είς
512 1907 618 1993 φυγὴν
642 1905 796 1992 ἔστρεψεν
828 1906 871 1985 ὥς
900 1910 1060 1971 ἐποκεῖλαι
1089 1905 1170 1970 κατά

80 2004 142 2089 τήν
163 2000 290 2089 ἤπειρον
312 2004 446 2089 κοίτην
466 2009 529 2070 τῶν
553 2005 700 2090 Τοάρκων
729 2008 848 2091 ἐκείνην
885 2008 1026 2071 έπίνοιαν
1056 2007 1230 2098 α’ποιλε-ςη0

80 2107 212 2187 άεῖχθαι
229 2109 379 2186 ματαίαν.
397 2103 478 2169 ἄλλά
498 2110 611 2170 τούτου
622 2110 682 2186 μὲν
702 2107 853 2192 άνοάτεροι
864 2102 1081 2190 τετηρὴμεθα·
1101 2103 1169 2170 εἴθε

81 2205 119 2268 δέ
138 2204 193 2267 καί
202 2207 260 2269 τοῦ
283 2201 363 2267 κατά
384 2201 442 2287 την
464 2203 585 2289 η’μέραν
604 2207 704 2269 κακοῦ
711 2211 725 2270 ί

26 2337 71 2378 20
165 2302 215 2366 ια’.
274 2307 338 2386 Τῆς
368 2301 515 2386 τετάρτης
544 2306 713 2389 τοιγαροῦν
742 2305 911 2388 ἐπιστάσης
939 2301 1078 2388 ἡμέρας,
1111 2303 1170 2370 τοῦ

79 2399 172 2487 ἧλίοο
194 2405 345 2487 καθαρῶς
373 2411 438 2478 τοῖς
458 2403 640 2484 άνθράποις
668 2398 764 2488 μήπω
784 2406 820 2468 τὸ
842 2405 911 2490 φάς
929 2401 1168 2487 παρασχόντος,

79 2503 206 2587 δρῶμεν
224 2502 303 2566 κατά
323 2500 381 2585 την
401 2504 548 2586 άγγελιάν
568 2503 624 2566 καὶ
642 2500 677 2566 to*
698 2505 819 2588 πλῆθος
840 2497 924 2566 άπαν
945 2505 1169 2586 προσχωροῦν-

76 2624 139 2678 τας
159 2604 204 2690 τῷ
220 2604 336 2685 τείχει,
366 2599 442 2680 τούς
470 2605 530 2684 μέν
554 2599 708 2684 κλιμακος
738 2603 1004 2690 ἐπιφερομένους,
1027 2602 1108 2688 ιτοάς
1133 2603 1169 2668 δέ

80 2873 139 2925 lum
159 2881 280 2943 arrepta,
297 2891 353 2925 non
382 2890 462 2943 parva
480 2889 617 2925 murorum
636 2879 713 2942 parte
733 2871 857 2936 deserta,
882 2871 990 2924 domum
1008 2877 1167 2925 remearent.

82 2944 150 2996 haec
169 2946 310 3014 potissima
328 2961 407 2994 causa
435 2945 499 2994 meti
523 2944 598 3012 quod
619 2959 651 2994 eo
678 2943 722 2995 die
740 2940 904 3006 advenerat,
923 2944 945 2994 si
965 2943 1081 2994 iussuana
1099 2945 1167 2995 rutio

80 3033 137 3066 non
156 3017 235 3076 saliit,
255 3023 378 3084 reputata
397 3024 446 3064 est.
484 3015 585 3065 etenim
604 3014 625 3064 si
645 3015 674 3064 in
693 3007 775 3064 inuds
793 3013 1013 3084 permanentibus
1032 3013 1168 3078 omnibus,

81 3096 111 3137 et
129 3103 183 3136 uno
202 3086 292 3134 animo
310 3085 348 3134 ita
373 3084 512 3152 dispositis
540 3093 571 3136 ut
589 3101 638 3153 pro
658 3084 780 3136 custodia
801 3086 902 3154 patriae
923 3086 1003 3135 vitum
1020 3099 1168 3147 voverent,

80 3157 126 3206 vix
145 3156 208 3205 urbs
231 3163 386 3205 conservate
415 3156 525 3217 fuisset,
556 3171 672 3224 quanam
692 3157 810 3218 ratione,
835 3155 882 3206 ubi
900 3155 988 3205 simite
1008 3153 1167 3218 accidisset,

81 3225 156 3276 facili
184 3227 295 3290 negotio
313 3225 443 3295 capienda
461 3242 517 3275 non
535 3227 611 3277 eret?
655 3227 693 3277 sic
709 3226 782 3277 hisce
801 3241 849 3294 per
867 3227 977 3276 Latinos
995 3225 1119 3295 peractis,
1139 3233 1168 3276 et

80 3305 193 3366 propter
210 3296 419 3364 inexspectatum
444 3297 551 3348 navium
579 3297 723 3348 adventum
751 3297 829 3348 unica
851 3298 953 3347 triremi
973 3313 1022 3366 pro
1042 3296 1168 3346 commit·
1259 3312 1266 3329 ·

80 3366 165 3417 tenda
185 3367 274 3417 nausii
291 3385 381 3435 pugna
398 3367 509 3435 repieta,
526 3385 588 3418 vera
604 3367 730 3419 videntur
743 3366 866 3419 retulisse
884 3367 984 3420 nuncii.
1020 3383 1080 3416 narn
1099 3367 1168 3417 circa

81 3453 205 3488 aurorem
224 3453 305 3488 naves
326 3437 360 3488 sd
387 3447 495 3506 portum
524 3437 731 3507 properantibus
749 3439 828 3488 remis
846 3439 1030 3507 impelluntur,
1047 3437 1168 3505 utcogi·

81 3518 138 3560 tate
158 3508 337 3560 absolverent.
362 3507 409 3558 sed
422 3507 486 3559 dum
504 3511 732 3577 appropinquent,
750 3526 800 3559 nec
818 3508 942 3561 adversus
961 3526 990 3561 se
1008 3516 1167 3577 apparatum

70 3581 241 3631 instructum
259 3587 411 3648 penetrent,
429 3581 545 3630 triremis
563 3580 707 3631 velocitate
733 3596 834 3630 sumnia
852 3579 881 3630 in
900 3596 946 3630 eos
964 3580 1098 3641 convolat,
1118 3595 1167 3629 co-

81 3650 176 3720 gitque
195 3658 225 3701 ut
248 3651 278 3700 in
300 3649 389 3718 fugam
412 3651 481 3700 versi
504 3652 533 3700 in
550 3658 648 3700 terrem
669 3665 750 3701 nares
769 3650 928 3718 impingant.
966 3650 1003 3702 sic
1021 3649 1167 3700 Turcarum

81 3720 151 3772 iilud
182 3721 325 3772 consitium
344 3728 520 3772 extenuatum
538 3727 654 3772 evanuit
697 3723 798 3772 utinam
816 3729 844 3772 et
871 3719 962 3772 diurni
980 3718 1045 3772 maii
1070 3721 1167 3772 similis

82 3794 171 3844 exitus
190 3791 347 3844 subsecutus
367 3791 468 3842 suisset.
1100 3807 1102 3812 ·

155 3878 194 3913 ss.
230 3861 335 3934 Quarto
354 3862 437 3928 igitur
451 3860 496 3912 die
515 3869 661 3929 appetente
679 3859 794 3911 necdum
814 3859 884 3910 ctare
902 3859 992 3910 tumen
1011 3859 1167 3912 hominibus

80 3931 261 3996 ministrante,
279 3941 312 3983 nt
332 3932 412 3984 nobis
430 3932 653 4002 praenunciatum
673 3930 769 3993 fueret,
790 3929 994 3982 multitudinem
1013 3933 1166 3983 universam

81 4003 111 4053 in
131 4019 235 4053 murum
256 4004 429 4055 festinantem
449 4003 594 4053 intuemur.
639 4003 712 4053 inter
729 4001 778 4052 hos
795 4002 842 4052 elii
862 4002 964 4064 scalas,
982 4002 1029 4053 stii
1050 4001 1166 4064 tubulus,

82 4074 129 4123 atii
147 4074 263 4141 implexa
286 4073 433 4126 viminibus
457 4081 532 4124 scuta
552 4081 669 4140 gestam
694 4089 794 4134 omnes,
814 4079 845 4123 ut
862 4071 901 4122 sie
918 4071 1012 4135 dicam,
1032 4070 1166 4122 machinas

81 4143 250 4208 convehere,
285 4151 314 4197 st
338 4152 371 4198 ut
398 4146 481 4197 moris
514 4151 555 4196 est
583 4144 667 4214 septi,
699 4151 727 4196 et
759 4143 844 4197 nostri
879 4141 977 4195 excidii
1004 4143 1050 4196 siti
1079 4141 1166 4194 vetuti
