2675 4584
383 266 459 325 nn.
475 268 515 327 11.
548 264 637 328 cnr.
657 268 747 327 ιιι.
1021 236 1098 319 τ65

1030 406 1084 441 ι’*

33 436 76 487 τος
93 410 146 475 ουίι
166 411 315 497 αὐτόχειρ
337 413 417 477 ἀλλά
440 418 531 499 φιλας
545 398 758 498 προσηκόιάως
777 408 901 497 ἀληθὴς
920 420 1027 477 καλοῖτ
1063 438 1102 477 σν

34 512 68 585 sic
83 506 192 575 ἑαυτὸν
214 511 296 595 δπὲρ
325 515 388 576 τιόν
418 516 618 597 φιλουμὲνιον
646 514 799 595 προδούς,
829 513 867 575 ἵν’
897 512 1052 591 ἐκείνους,
1073 514 1104 577 ελ

35 606 118 685 sistro
137 607 247 691 τύχοι,
281 613 345 675 τάν
368 612 626 694 έπικρεμαμὲνων
645 609 793 675 θανάτων
814 612 967 693 ἐξέληται.
1010 615 1105 675 ταῦτ’

34 703 84 790 ἄρα
103 713 353 793 φιλανθρωπιλνς,
373 708 429 773 καί
447 708 463 773 ὁ
483 708 623 792 Χριστός
643 712 805 775 ἀποίσεται
824 708 944 792 μᾶλλον
961 708 1059 795 χάριν
1081 704 1104 796 ἢ

20 803 168 882 λτοιοάτοις
189 804 381 891 ἐγκλήμασιν
401 808 639 872 ὑποκείσεται.υ

98 904 192 982 Ξένος
222 907 239 969 δ
267 904 410 990 Ἑβραῖος
440 910 542 994 ἐρωτᾷ
561 904 687 972 “πο’σων
715 900 777 990 ἀρα
799 910 909 973 δεινῶν
933 904 1032 973 αἴτιον
1053 908 1105 973 αἐί

34 1004 59 1069 ω’
75 1008 189 1085 ψεῦδος
209 1006 424 1070 καθίσταται]
446 1004 463 1068 δ
483 1003 544 1089 γὰρ
561 1007 723 1093 προφήτης
738 1008 799 1090 οὐχ
819 1007 838 1091 ἦ
859 1010 1016 1091 παρθένος
1037 1008 1105 1071 ἀλλ’

35 1102 161 1187 iverim
181 1108 277 1190 φησίν
298 1107 391 1185 τέξει,
415 1107 558 1189 δηλονότι
580 1109 784 1170 συνελθοῦσα
804 1106 916 1189 ἀνδρί·
958 1102 1047 1186 ὑμεῖς
1070 1108 1106 1171 δὲ

35 1204 79 1278 stig
95 1200 214 1269 ἑαυτῶν
232 1207 385 1287 συστῆσαι
406 1201 593 1285 βουλόμενοι
606 1210 779 1290 τερατείας,
800 1204 857 1289 την
870 1210 1029 1287 παρθένον
1049 1210 1106 1290 τῆς

14 1298 156 1377 ονεάνιδος
175 1302 364 1367 ἀντιτίθετε.
413 1302 450 1367 τί
467 1300 528 1386 γάρ
551 1298 591 1367 ἀν
609 1328 655 1380 τις
684 1308 740 1368 καί
758 1306 860 1385 λέγοι,
880 1303 976 1369 πόσον
999 1308 1105 1370 irred-

37 1406 80 1465 θεν
98 1394 297 1485 ἴλιγγονκαί
320 1402 417 1482 μόνον
443 1399 610 1484 λεγόμενον
631 1406 773 1486 ἐμποιεῖ,
801 1412 856 1467 καί
875 1402 933 1487 τὴν
957 1400 1106 1471 ἀπιστίαν

36 1496 124 1583 η’λίκην
142 1498 273 1583 κατάγει
304 1506 368 1565 τῶν
387 1500 607 1582 ἀκροωμένων.
658 1505 706 1577 τίς
725 1502 786 1588 γάρ
810 1506 873 1568 τοῖν
895 1505 930 1567 έκ
949 1506 1008 1569 τοῦ
1026 1529 1105 1569 παν·

36 1598 77 1672 τίς
93 1602 202 1675 αι’ἀνος
221 1603 381 1683 παρθένον
402 1595 517 1683 ἤκουσε
539 1610 720 1681 τετοκυῖαν,
742 1600 839 1683 εἴριον
852 1607 930 1682 μίαν
952 1601 1020 1684 ἔχει
1040 1604 1105 1667 δει-

37 1696 125 1761 κνίιναι
143 1722 207 1780 τις,
238 1697 319 1781 πρὸς
349 1694 418 1763 οὐδ’
439 1694 546 1763 ὁτιοῦν
569 1700 690 1783 ἀντερεῖ
711 1702 932 1785 rrspasrs'posc.n
971 1700 988 1765 δ
1012 1705 1105 1781 βασι-

14 1794 95 1871 dicit,-
116 1795 272 1880 ἀπεκρίθη
295 1790 362 1860 “sd
392 1800 501 1879 λέγεις.
551 1795 657 1874 δεῖξόν
679 1821 735 1879 μοι
765 1796 804 1864 ori
832 1797 909 1863 θεὸν
938 1802 1043 1883 ἕτερον
1070 1799 1104 1873 ἐξ

36 1897 152 1977 ον’ρανοῦ
172 1893 410 1980 κατεληλυθότα
429 1895 483 1960 καί
502 1894 606 1977 σάρκα
623 1900 823 1981 φορέσαντα·
848 1899 932 1980 κάγώ
945 1920 994 1963 σοι
1012 1896 1105 1973 δείξω

36 1994 95 2077 την,
113 1994 154 2071 ὥς
181 1993 280 2071 αδτδς
313 1996 428 2075 ἀξιοῖς,
460 2000 617 2079 παρθένον
646 1994 746 2061 αδτόν
765 1994 969 2080 γεννησασαν.
1011 1994 1051 2061 σύ
1076 1998 1106 2060 δ’

36 2086 89 2156 ἀλλ’
108 2094 173 2159 έπεί
190 2094 294 2183 τοδτηι
314 2092 473 2159 πιστεύειν
506 2092 644 2181 ὑπισχνῇ
653 2144 662 2173 ,
686 2092 720 2160 εἴ
733 2101 787 2159 σοί
802 2119 848 2171 τις
868 2100 923 2161 καί
943 2089 1020 2160 ἀλλο
1040 2117 1106 2161 τοι-

36 2195 94 2256 οῦτο
112 2190 176 2276 ἔχει
197 2190 357 2258 δεικνύναι
369 2196 582 2278 γεγενημένον,
602 2197 725 2259 δεκτέον
744 2188 783 2258 ἀν
803 2192 851 2278 εἴη
864 2218 915 2259 σοι
937 2197 993 2259 καί
1009 2198 1104 2259 τοῦτο

14 2293 204 2374 οοράτονκαί
223 2290 319 2375 μόνον
338 2286 385 2373 ὅν,
407 2294 477 2358 ἐπεί
495 2294 618 2357 κάκεῖνο
642 2293 723 2376 πρὸς
744 2294 834 2359 ον’δὲν
854 2293 958 2377 ἕτερον
980 2294 1106 2378 α’φοράν

36 2386 160 2474 ἔμελλεν,
180 2390 271 2476 εἴπερ
292 2393 415 2476 πρῶτον
439 2383 486 2477 η’ν.
505 2386 536 2454 ελ
558 2394 588 2455 δ’
616 2385 691 2471 οὖν,
711 2394 801 2457 τοῦτο
822 2395 881 2475 μὲν
901 2394 1018 2473 ἐατέον,
1039 2394 1103 2454 δεῖ·
1122 2394 1163 2470 3η

92 2568 115 2620 6.
133 2568 270 2639 ἐρώτησις
289 2569 368 2629 ξένον
385 2567 404 2619 Ρ
477 2586 516 2620 ιο.
538 2560 720 2641 ἀντειλῆφαιε
738 2568 756 2619 P
846 2587 883 2623 ιο.
902 2567 1034 2639 δηιδουχεῖ
1045 2576 1104 2628 τοῖς

92 2634 277 2724 ἀτροωμένρις
294 2640 313 2689 Ρ
386 2641 423 2692 ι8.
444 2636 500 2725 ἀλλ’
520 2637 649 2725 ιλιιαρτεῑς
667 2638 754 2694 τούτω
772 2638 800 2691 Μ
883 2656 926 2691 nr.
946 2648 1007 2709 post
1026 2641 1104 2710 ἔμελ·

92 2709 192 2764 λενλίε
223 2723 348 2764 ακσυσον
370 2713 420 2763 καὶ
446 2726 544 2776 σενες,
569 2731 591 2763 ιν
615 2712 688 2769 Ξένε.
729 2714 755 2764 ελ
775 2710 852 2783 ἡμεῖς
883 2714 912 2764 οἱ
930 2714 1104 2781 Χριστιανολ

38 2873 81 2909 non
98 2862 179 2929 parcit
195 2878 347 2931 eorumque
373 2880 452 2915 cansa
474 2864 548 2916 subit
566 2872 687 2915 mortem.
711 2863 772 2915 talis
792 2864 863 2915 enim
885 2880 941 2913 non
959 2862 1000 2913 sni
1016 2862 1105 2913 homi-

39 2928 98 2991 cida,
127 2931 172 2983 sed
190 2934 313 2985 sincerus
330 2936 430 2985 amicus
442 2937 538 2986 merito
555 2936 726 2996 nominatur,
745 2935 792 3003 qui
807 2934 976 3000 semetipsum
993 2950 1041 3001 pro
1061 2933 1105 2983 di-

39 2998 101 3050 tectis
116 3002 215 3065 tradit,
245 3011 276 3053 ut
293 3020 353 3067 eos,
379 3004 402 3055 si
420 3007 521 3073 possit,
544 2998 578 3055 db
597 3004 771 3073 impendente
789 3016 874 3056 morte
895 3004 999 3071 eripiat.
1020 3020 1104 3072 quare

39 3067 92 3149 iliud
107 3074 183 3124 animi
204 3073 316 3141 benigni
334 3083 391 3139 est,
414 3083 442 3127 et
464 3076 586 3128 Christus
610 3076 720 3145 gratiam
737 3076 846 3145 potius,
874 3092 953 3145 quum
970 3074 1034 3125 istas
1052 3074 1104 3124 cri·

38 3142 178 3196 nrnationes
194 3142 339 3195 moretur.''

90 3214 183 3265 Rursus
200 3215 356 3266 Hebraeus:
382 3212 474 3283 “quot
497 3214 568 3266 mnia
595 3232 701 3285 semper
716 3213 886 3267 mendacium
905 3209 1018 3271 creavit!
1039 3231 1105 3281 pro-

40 3276 103 3343 pheta
120 3286 190 3336 enirn
216 3298 274 3343 non
303 3286 434 3353 virginem
461 3286 512 3347 nit,
535 3286 584 3337 sed
610 3286 840 3338 adolescentulam
868 3294 1002 3356 parturam
1030 3300 1104 3347 esse,

39 3350 105 3404 virum
121 3354 251 3407 videlicet
270 3365 422 3424 expertam
442 3374 489 3407 vos
508 3367 607 3420 autern,
627 3366 754 3427 portenta
772 3366 859 3409 restra
871 3356 950 3407 nobis
970 3371 1106 3405 commen-

40 3416 125 3487 daturi,
143 3444 192 3494 pro
211 3426 386 3478 adolescente
403 3428 516 3477 muliere
535 3428 665 3495 virginem
686 3428 846 3499 supponitis.
865 3429 924 3495 quis
943 3424 995 3477 hoc
1016 3424 1104 3475 verbis

39 3502 192 3560 assequatur,
213 3507 314 3566 quanta
337 3499 415 3567 qussi
431 3497 563 3565 vertigine
578 3497 692 3561 laboret,
708 3498 780 3549 istud
792 3497 837 3567 qni
862 3496 946 3559 dicut,
965 3496 1036 3565 apud
1055 3513 1104 3545 nu-

40 3558 180 3635 dientesque
201 3585 282 3637 qnam
300 3586 392 3637 pnsum
410 3567 474 3619 fidei
493 3568 634 3620 habiturus
653 3570 695 3621 sit.
715 3568 776 3637 quis
797 3568 867 3617 enirn
888 3576 949 3636 post
966 3565 1105 3618 hominum

38 3637 170 3687 memoriam
180 3637 293 3700 audivit,
303 3640 429 3706 virginem
438 3647 550 3690 matrem
569 3639 669 3690 fuisse?
689 3640 712 3689 si
723 3639 784 3706 quis
802 3636 868 3688 mihi
887 3654 965 3687 unam
982 3638 1104 3705 proferro

39 3704 136 3769 poterit,
152 3708 182 3757 in
200 3709 277 3759 nulla
297 3726 324 3759 re
344 3709 395 3761 tibi
413 3710 464 3759 iarn
484 3706 668 3760 adversabor.”
691 3709 835 3777 imperator
859 3705 989 3775 “pulcre’'
1006 3708 1105 3778 inquit,

37 3766 118 3825 “istud
137 3777 211 3828 dicis.
230 3778 344 3831 ostende
360 3788 389 3831 tn
407 3780 473 3830 mihi
488 3780 570 3829 alium
588 3779 667 3830 deum
680 3776 714 3829 de
734 3780 810 3829 coelo
829 3780 977 3847 profectum
995 3787 1023 3830 et
1043 3794 1104 3831 cor-

39 3840 91 3905 pore
105 3846 242 3899 indutum:
262 3856 290 3900 et
309 3865 359 3918 ego
378 3850 429 3900 tibi
458 3848 612 3912 ostendam,
637 3864 718 3918 qnam
735 3856 764 3898 tn
784 3847 940 3911 desideras,
959 3849 1104 3917 virginem,

40 3926 169 3978 quassum
192 3921 340 3988 pepererit.
357 3937 449 3971 vesum
470 3922 541 3971 enirn
561 3936 624 3973 vero
640 3919 769 3987 quoniam
794 3918 873 3969 fidem
897 3928 923 3971 te
951 3916 1105 3971 habiturum

40 3984 173 4052 podiceris,
201 3990 221 4040 si
241 3991 302 4060 quis
323 3990 400 4041 aliud
423 3991 511 4042 simile
530 3992 630 4041 sactum
651 3989 890 4052 demonstraverit,
910 3987 1105 4041 admittendum

41 4051 83 4128 tibi
101 4058 149 4107 erit
163 4060 243 4111 etiam
262 4062 377 4129 primum
393 4060 444 4112 hoc
462 4069 490 4112 et
508 4062 614 4111 unicum
635 4061 801 4128 exemplum,
819 4060 1038 4130 qnandoquidem
1057 4076 1106 4110 nec

40 4122 98 4175 rltnd
120 4128 154 4179 sd
180 4129 255 4183 aliud
272 4132 375 4203 poterit
391 4132 501 4194 reterri,
528 4149 611 4201 quum
629 4132 743 4202 primum
761 4134 804 4184 sit.
825 4130 873 4183 sed
890 4134 1025 4185 mittamus
1043 4126 1105 4191 hoc,
