2675 4584
141 176 145 185 ’
231 192 314 296 ι48
549 218 722 281 croton
753 215 994 281 PHRANmE

226 364 477 445 αόθεντόπουλος
503 365 520 431 ό
539 366 600 451 κόρ
625 370 746 447 Θωμᾶς
772 365 806 432 τό
830 369 888 430 τοό
909 368 1079 449 πριγκίπου
1101 367 1301 447 Κεντηρίων
1336 401 1338 412 1

224 470 412 550 πτολίεθρον
438 463 495 549 τῆν
516 464 757 549 Χαλατρίτζαν,
784 468 840 531 τοῦ
872 467 927 529 καί
953 468 1120 545 μετέπειτα
1153 458 1338 545 γεγονότ

223 569 384 652 πενθεροῦ
402 566 525 648 ositeri,
555 563 750 649 ἐπολιόρκει·
799 561 818 627 ό
853 568 889 629 δὲ
913 565 1066 647 αόθέντιγς
1084 586 1148 645 μου
1176 558 1253 643 όίμα
1283 588 1326 625 τι

224 668 355 754 ἀδελφῷ
371 664 476 729 αότοό
502 662 675 749 διήρχοντο
697 662 751 729 διό
772 667 828 749 τῆς
849 663 927 728 tto&
950 666 1006 747 τῆς
1032 664 1078 737 εἰς
1098 660 1242 744 Πάτραν
1265 686 1293 746 φ

223 768 359 851 ροόσης·
402 762 609 839 κατελθόντες
629 758 686 828 οόν
718 766 887 845 ἐμείναμεν
908 762 991 843 όμοό
1015 763 1061 837 εἰς
1080 760 1138 845 τήν
1159 761 1316 840 Καμενί

222 869 313 945 τζαν.
331 859 519 939 Ἰωαννίκιος
543 862 686 939 Βαλότας
707 856 765 928 σόν
787 860 803 925 ό
823 866 882 929 τοῦ
900 865 1067 947 πριγκίπου
1088 862 1190 925 ἐκεῖσε
1211 852 1321 945 ἄρχω

112 981 114 988 “
222 966 267 1042 ὥς
288 964 390 1046 ἔμαθε
419 968 534 1043 τοῦτο,
565 960 702 1046 αἰτήσας
731 964 909 1048 α’φιέρωσιν
937 963 989 1026 λ’να
1016 962 1221 1046 ἀμφοτέρους
1250 958 1338 1022 τοὺ

222 1065 379 1139 αόθέντας
410 1059 489 1153 ἔλθῃ
520 1065 738 1147 προσκυνῆσαι
766 1061 896 1141 αότοός,
929 1060 985 1126 καί
1013 1056 1117 1125 ἐλθόν
1138 1052 1243 1133 εόθός
1268 1056 1338 1121 τά

205 1166 279 1230 ’τοῦ
298 1168 487 1248 πτολιέθρου
504 1169 587 1236 κλεῖς
608 1160 751 1243 ἐκβαλών
763 1162 879 1227 δέδωκε
894 1162 1012 1233 ταύτας
1025 1161 1069 1245 τῷ
1090 1158 1235 1246 ου’θέυτῃ
1261 1182 1333 1239 μοι

221 1266 268 1353 τῷ
288 1262 432 1352 δεσπότῃ,
457 1258 555 1327 stude
573 1256 687 1325 “τοότό
702 1263 769 1327 ἐστι
788 1259 971 1354 πτολίεθρον
988 1262 1076 1333 ι’όίως
1088 1262 1147 1322 τοῦ
1160 1258 1312 1323 αόθέντο

220 1387 284 1446 μου
295 1368 351 1428 καί
362 1361 566 1447 συγγόμβρου
575 1364 631 1445 τῆς
638 1362 804 1441 βασιλείας
816 1358 894 1425 σου”
904 1358 1041 1445 (καὶγὰρ
1054 1360 1071 1422 ό
1083 1362 1139 1423 τοῦ
1148 1361 1313 1443 πριγκίπο

221 1462 292 1540 υἱός
304 1466 478 1547 προέλαβεν
488 1463 535 1538 εἰς
547 1456 681 1541 νόμιμον
691 1468 824 1543 γυναῖκα
836 1456 892 1541 τήν
903 1456 1046 1544 α’όελφὴν
1061 1462 1117 1541 τῆς
1130 1460 1338 1541 βασιλίσσῃ·

222 1564 336 1645 κυρίας
357 1560 554 1645 Θεοδοόρας),
571 1555 635 1634 “tc
652 1584 708 1640 μοι
727 1561 913 1641 προσέταξεν
931 1558 983 1621 ἵνα
1009 1554 1193 1639 παραόιόσω
1224 1561 1295 1622 τοῦ
1328 1589 1334 1610 ι

224 1666 263 1749 τῇ
282 1664 427 1747 βασιλεία
447 1661 534 1725 σου.”
574 1658 592 1721 ὅ
614 1662 650 1725 δέ
671 1656 856 1743 όποκριθείς
876 1651 961 1723 εἶπεν
982 1656 1069 1747 αότῷ
1083 1652 1209 1733 κοότονς
1233 1656 1315 1741 ἔχει

225 1756 273 1824 ότι
296 1764 465 1842 συγγενοῦς
485 1756 548 1839 μοό
583 1762 670 1825 ἐστιν
690 1756 708 1821 ό
729 1760 870 1834 τοιοῦτος
896 1752 1009 1839 τόπος,
1040 1756 1109 1820 ἀλλ’
1129 1754 1171 1819 ου’
1192 1780 1318 1839 γνησιε

223 1863 338 1941 οτέρου
361 1862 421 1923 rori
454 1860 597 1943 α’όελφοό
617 1879 692 1938 μου.
749 1854 858 1921 λοιπόν
888 1858 918 1921 εἰ
947 1859 1188 1941 προγενέστερον
1218 1858 1322 1921 ἐποίε

223 1959 339 2039 τοῦτο,
373 1954 392 2018 ό
424 1955 564 2041 α’όελφός
583 1978 646 2036 μου
678 1961 745 2019 κατ’
765 1958 848 2035 ἐμοῦ
878 1956 936 2019 ουἰι
956 1957 1164 2039 ἐνεχειρίζετε
1185 1958 1293 2021 odoro
1329 1963 1334 1972 ’

224 2054 286 2138 ἐγώ
307 2050 415 2138 εἶχον,
437 2057 493 2119 καέ
511 2052 610 2133 αότός
630 2057 685 2119 καὶ
703 2050 721 2117 ό
751 2056 906 2139 ου’θέντης
925 2076 983 2119 σου
1009 2052 1212 2139 ἀλλοτρόπὸς
1235 2050 1320 2137 εἶχε

224 2153 316 2219 αότό.
338 2153 378 2221 τό
400 2158 457 2220 νόν
478 2144 535 2217 οόν
556 2156 586 2219 εἰ
608 2149 785 2236 παραλάβω
808 2152 902 2237 αότό,
924 2153 1043 2239 ἀνάγκη
1064 2154 1150 2220 ἐστόν
1172 2156 1227 2219 ἵνα
1253 2158 1320 2219 δια

225 2254 403 2341 φερώμεθα
423 2252 504 2335 μετὰ
524 2258 583 2318 τοῦ
602 2255 747 2338 α’όελφοό
766 2275 850 2335 μου,
881 2256 936 2318 καί
957 2250 994 2317 οό
1017 2256 1167 2337 τυγχάνει
1189 2243 1247 2319 διό
1273 2280 1322 2319 πο

225 2356 266 2419 λό
285 2378 338 2436 τι,
373 2358 478 2439 πολλῷ
502 2357 622 2435 μᾶλλον
642 2352 697 2418 διό
718 2354 878 2419 τοσοῦτον.
930 2354 997 2418 ἄλλ’
1019 2347 1139 2419 ἄπελθε
1158 2354 1192 2417 ἐν
1214 2357 1323 2443 αὐτῷ

225 2453 281 2519 κατ’
299 2454 343 2530 ιός
374 2451 512 2519 όόνασαι
545 2453 707 2537 ποιίγσον.”
753 2451 797 2527 ὦς
823 2446 880 2517 adv
907 2446 1023 2536 ἤκουσε
1047 2456 1168 2533 ταῦτα,
1206 2445 1320 2539 ᾔτησε

224 2554 279 2621 ἵνα
299 2553 425 2631 α’κόκαις
450 2555 578 2643 εἰσέλθῃ
610 2558 644 2619 ἐν
671 2556 715 2641 τῷ
742 2552 850 2617 αότοό’
869 2556 1055 2642 πτολιέθρῳ.
1105 2558 1338 2638 προσταχθεί·

295 2730 320 2781 5.
340 2730 456 2801 ἔμειναν
472 2728 503 2781 Μ
583 2730 610 2781 6.
628 2728 759 2797 Ἰωάννης
778 2724 829 2785 οὖν
846 2728 990 2791 Bellonae
1009 2730 1028 2781 P
1122 2750 1146 2799 γ.
1165 2749 1215 2801 pro
1236 2732 1325 2805 ἄφετ’

298 2816 390 2872 ρωσιν
407 2801 497 2851 locum
511 2818 625 2854 vacuum
638 2802 658 2853 P
735 2816 773 2851 ιο.
794 2802 891 2871 ἔλαβεν
908 2802 928 2851 Ρ
1014 2805 1052 2859 ι5.
1072 2798 1087 2857 ό
1106 2800 1193 2859 τόποτ
1212 2792 1306 2867 οὗτος
1326 2815 1332 2834 ·

298 2890 341 2994 pp.
359 2873 541 3013 ἰρρςρίὶαοθ
666 2874 705 2927 ιθ.
726 2863 811 2933 αὐτὸς
827 2876 878 2925 καὶ
893 2888 936 2923 om
955 2872 975 2923 P
1091 2870 1297 2945 ιέλλεοτρόπως
1325 2887 1332 2906 ·

231 3104 355 3156 dominus
380 3102 551 3156 Conterionis
577 3103 725 3173 principis,
753 3104 828 3155 cuius
846 3103 917 3155 idem
936 3112 1031 3174 postes
1050 3120 1133 3173 gener
1151 3106 1239 3159 lectus
1265 3120 1317 3163 est

232 3174 393 3246 oppidulum
413 3172 601 3225 Chalatritztm
630 3172 782 3226 obsidebat.
816 3174 940 3226 dominus
958 3176 1040 3242 igitur
1065 3192 1140 3227 sneus
1160 3194 1221 3227 cum
1242 3178 1338 3233 fratr-

232 3250 336 3300 Patram
355 3246 500 3315 processit,
529 3242 741 3314 divertimusqrre
764 3260 816 3295 una
838 3262 930 3297 omnes
949 3246 1136 3297 Camenitzam.
1164 3248 1262 3319 itaque
1286 3255 1322 3303 Io

234 3318 376 3369 hartnidus
392 3315 514 3377 Balotas,
543 3316 675 3383 principis
699 3315 737 3366 ibi
758 3326 936 3384 procurator,
957 3316 1004 3367 ubi
1027 3316 1078 3367 hoc
1098 3316 1208 3381 didicit,
1228 3332 1320 3387 postu

235 3389 290 3439 lata
310 3387 483 3448 admissione,
508 3384 601 3435 ambos
626 3384 749 3436 dominos
774 3384 912 3437 adoratum
936 3388 1027 3450 venit,
1056 3396 1085 3438 et
1111 3388 1185 3439 illico
1203 3392 1338 3458 prolata

236 3458 332 3527 oppidi
349 3458 438 3508 claves
455 3456 600 3524 despotee,
631 3456 741 3507 domino
762 3474 838 3517 meo,
857 3456 900 3509 his
924 3456 1013 3509 verbis
1032 3458 1155 3510 tradidit:
1173 3458 1333 3531 “oppidur

237 3528 289 3579 lioc
308 3529 447 3598 proprium
470 3534 512 3578 est
530 3525 640 3577 domino
661 3543 723 3579 meo
744 3529 893 3579 maiestatis
914 3536 978 3580 tuae
1004 3526 1096 3580 offini''
1115 3531 1228 3599 (etenim
1247 3536 1320 3601 prin

237 3600 305 3668 cipis
321 3600 394 3650 lilius
414 3614 532 3649 sororem
546 3596 710 3649 Theodorae
728 3599 902 3667 imperatricis
929 3599 1056 3666 legitimis
1075 3600 1179 3669 nuptiis
1197 3600 1250 3653 sibi
1261 3622 1323 3657 oon

239 3670 389 3739 iunxerat),
415 3670 463 3739 qui
487 3668 623 3721 mandavit
643 3668 724 3730 milri,
746 3678 776 3720 ut
796 3668 928 3722 maiestati
956 3679 1018 3720 tuoe
1042 3668 1071 3721 id
1100 3670 1256 3723 dederem.'’
1289 3696 1322 3727 re

239 3738 356 3806 spondet
367 3740 576 3791 Constantinus:
594 3738 657 3788 “its
684 3756 713 3791 se
733 3756 773 3791 res
796 3739 892 3804 habet,
918 3740 991 3791 locus
1012 3742 1062 3792 iste
1087 3740 1172 3792 affinis
1194 3744 1249 3795 inei
1272 3757 1320 3799 est

240 3826 295 3858 non
313 3808 401 3859 lrstris
418 3810 485 3861 milri
506 3810 678 3878 cognitioris.
713 3819 831 3862 ceterum
859 3812 881 3862 si
911 3814 986 3879 prius
1013 3809 1063 3862 lroc
1091 3812 1213 3875 fecisset,
1243 3816 1325 3870 frate

241 3895 316 3928 meus
335 3879 420 3942 nihil,
450 3879 523 3949 quod
543 3897 592 3947 ego
618 3888 754 3943 tenerem,
772 3890 865 3933 contra
892 3899 935 3932 me
955 3891 1115 3950 occuparet,
1133 3891 1217 3951 atque
1235 3886 1291 3940 ille
1310 3908 1338 3941 e.

242 3948 366 4017 princeps
387 3958 449 4000 tuus
467 3950 635 4001 incommode
653 3948 681 4002 id
699 3950 839 4003 tenebant.
864 3970 937 4003 nunc
954 3960 1043 4003 tutem
1061 3952 1083 4003 si
1104 3952 1238 4023 oppidum
1256 3964 1322 4011 acci

242 4019 300 4087 pio,
319 4018 451 4069 interme
472 4021 637 4089 fratremque
654 4038 743 4072 meum
762 4020 903 4074 dissidium
922 4022 1020 4074 exoriri
1039 4040 1148 4075 necesse
1171 4034 1231 4089 est,
1278 4045 1338 4081 nor

242 4104 279 4141 ne
299 4104 410 4157 magnae
430 4088 538 4159 quidem
556 4092 709 4157 reiorum,
732 4092 831 4147 nedum
857 4092 980 4147 tantillae
1004 4092 1062 4145 lieri
1088 4104 1205 4165 oportet.
1228 4047 1279 4151 sed
