2675 4584
176 253 230 314 os
255 249 617 316 Temsamruceusr
634 249 801 316 axcrnro
819 251 1046 320 asenario.
1078 221 1165 312 ὅτι

65 397 204 483 χρόνων
222 394 319 480 μόνον
327 395 442 482 ταότης
454 393 641 480 όιιιίραντας
652 401 688 464 όν
713 403 844 485 τῆςεῶν
856 405 968 466 δεινών
989 402 1163 485 σόνεχείας,

68 495 162 564 ἄλλό
183 496 222 583 δὴ
242 502 297 562 καί
314 500 378 562 τών
398 497 611 580 αἰχμαλώτων
637 503 850 584 γεγενημένων
870 501 944 577 reric
964 499 1163 586 όθενδηιιοτε

67 601 136 682 τῆς
164 599 349 683 ε’λενθερίος
377 597 580 680 η’ξιωμίνονς.
629 601 861 684 η’λεοθδρωνιαι
893 601 948 665 καί
969 599 1029 686 γόρ
1062 598 1166 666 ἱκανοί

69 701 203 762 πολλῶν
221 699 382 782 θεοφιλῶν
400 696 482 778 ὑπὲρ
515 695 720 782 διαρρόσεως
740 699 830 782 ἡμῶν
851 694 1026 785 προθύμως
1043 723 1163 785 κεκινη-

34 801 191 878 wrm,
210 798 265 862 καί
282 793 421 878 μάλιστα
441 800 498 860 τοῦ
514 798 576 864 τών
595 799 724 883 Σέρβιον
744 792 914 884 όρχοντος,
931 791 957 888 ᾧ
975 801 1039 866 τών
1058 792 1221 866 itanum

69 895 178 962 αόιοῦ
197 891 475 979 πλεονεκτημάτων
495 896 691 981 ἐξαίρετον-ἦ
707 897 786 982 πρός
805 897 882 974 roric
900 901 1065 981 δεομένους
1078 901 1163 966 ἐστίν

69 995 208 1066 εώποιία
229 990 386 1060 iuducere.
432 995 566 1079 χρυσίον
593 998 650 1061 καί
667 995 729 1084 γὰρ
752 989 845 1074 odric
863 1021 944 1062 τισιν
964 989 1010 1073 οἷς
1030 994 1163 1083 θθόρρει

63 1096 220 1178 χειρίσας
233 1095 281 1158 ἐπ’
295 1095 462 1182 ε’λενθερίρ
478 1096 539 1159 τών
552 1095 764 1178 αἰχμαλώτων
779 1099 869 1162 τοῦτο
884 1099 1017 1182 δοθῆναι
1029 1121 1163 1184 παρετε-

67 1195 220 1260 λεόσατο.
239 1195 295 1259 ιιαί
305 1194 362 1257 criu
371 1191 435 1257 uiuri
449 1197 504 1279 τῆς
517 1193 637 1260 ἐκείνου
648 1191 775 1280 γνώμης
791 1197 919 1280 ἐγένετο·
940 1197 1088 1281 ἐπρίαντο
1100 1197 1162 1283 γόρ

16 1327 59 1368 10
68 1295 135 1358 τοό
144 1293 282 1378 χρυσίον
305 1288 337 1358 οἱ
356 1289 438 1376 πρός
456 1294 533 1358 adad
546 1297 730 1376 τεταγμέναι
744 1293 886 1378 πολλοός,
908 1295 1066 1379 virisiaci
1083 1299 1163 1362 inu-

66 1392 194 1470 νοόντες
214 1391 268 1457 int*
285 1392 342 1477 τὴν
355 1391 459 1477 πόλιν,
478 1391 520 1469 oie
538 1391 675 1471 είιιόζειν
694 1389 815 1476 ἔχομεν,
837 1395 935 1479 μέχρι
945 1398 1004 1461 τοῦ
1024 1399 1081 1461 νόν
1100 1395 1164 1462 riui

67 1488 159 1574 μετὰ
182 1494 246 1557 τών
263 1493 317 1556 εἶπ’
343 1483 447 1556 ἄλλων
473 1487 578 1556 τόπων
605 1494 808 1577 ἐληλυθότων
829 1492 907 1560 ώσεί
925 1499 1034 1577 χίλιοι.
1076 1495 1107 1559 εἰ
1126 1497 1163 1560 di

66 1590 133 1658 καί
150 1595 359 1676 σνναριθμεῖι
383 1615 431 1669 τις
458 1593 565 1658 ἐθέλοι
595 1594 650 1656 καί
676 1590 752 1668 ruric
780 1590 839 1678 τήν
866 1591 958 1658 πόλιν
978 1592 1162 1677 οἰκήσαντας

72 1689 253 1776 Τοόριιους,
274 1685 337 1755 εἶεν
358 1685 397 1756 όν
413 1690 491 1757 sicci
510 1688 670 1774 δισχῦιιοι.
712 1689 920 1774 διενοούμεθα
941 1695 977 1757 δὲ
997 1691 1055 1778 τήν
1074 1691 1163 1760 πόλιν

16 1789 131 1861 ι5ιιαί
150 1784 246 1866 αόθις
268 1789 325 1870 τόν
354 1797 430 1876 πρίν
457 1792 554 1873 αότῆς
575 1788 748 1872 εὐκοσμίαν
775 1792 944 1874 ἀναλαβεῖν
968 1791 1024 1858 καί
1047 1791 1086 1857 τό
1105 1795 1163 1874 τῆς

69 1887 242 1970 εώσεβείας
262 1883 400 1974 όνθῆσαι
420 1887 476 1953 καί
493 1893 707 1973 πλατννθῆναι
735 1889 779 1966 ώς
798 1888 959 1974 πρότερον.
1001 1889 1057 1956 καί
1073 1894 1161 1975 γέγο-

69 2010 129 2052 νεν
149 1982 190 2051 δν
209 1985 295 2067 ἴσως,
318 1991 349 2053 εἰ
365 1986 411 2073 μὴ
431 1992 486 2054 καί
501 1987 595 2053 πόλιν
612 1987 650 2053 τό
671 1989 793 2074 πλῆθος
803 1992 866 2054 τών
886 1989 1161 2076 ἡμετέρωνσφαλ-

41 2122 43 2124 ’
66 2084 182 2169 μότων
201 2086 347 2168 ἐμποδών
367 2086 501 2171 ἐγεγόνει
516 2085 606 2173 ιιαίῆ
628 2091 721 2152 κακίαι
741 2086 786 2172 μὴ
807 2088 918 2172 χώραν
940 2081 1043 2173 εὗρεν.
1064 2089 1097 2168 ίξ
1117 2079 1159 2154 οδ

66 2184 133 2272 γὰρ
150 2186 276 2272 ἡπόλις
297 2184 483 2267 δεδοόλωτο,
504 2185 560 2251 καί
579 2186 786 2273 όΜοσρότης
808 2188 909 2254 πάντα
928 2191 984 2255 καί
1003 2191 1157 2269 ττίσματα

12 2321 59 2364 20
69 2289 131 2350 καί
142 2287 286 2371 νοήματα
306 2285 363 2352 καί
373 2283 452 2363 νεώς
464 2284 572 2372 όιροός
584 2291 640 2352 καί
656 2285 755 2368 μονός
774 2289 830 2352 καί
842 2286 899 2364 τός
914 2291 977 2355 τών
996 2285 1159 2372 προσόδων

68 2387 179 2452 αότών
188 2384 341 2472 α’φορμός
353 2389 536 2452 ἐπανιοῦσιν
547 2387 623 2472 ἡμῖν
634 2394 700 2464 τοῖς
713 2385 917 2472 ὁπωσδήποτε
935 2391 989 2469 τῆς
1010 2387 1157 2463 δουλείας

68 2486 281 2569 ἀπαλλαγεῖσι
305 2489 480 2572 φιλοτιμοις
505 2489 562 2551 καί
584 2482 750 2568 γρόμμασι
777 2485 834 2550 καί
852 2483 955 2569 λόγοις
974 2485 1153 2570 δεδώρητο,

68 2588 237 2670 πανταχοῦ
249 2608 282 2652 τε
303 2593 368 2665 τοῖς
388 2585 629 2674 οἰφιιινονμινοις
654 2582 839 2674 ἐλευθερίαν
856 2585 996 2673 ἐκήρυξε,
1018 2583 1074 2652 καί
1096 2583 1155 2666 τός

67 2873 122 2912 nus
139 2875 227 2911 rerum
245 2860 374 2929 angustiis
389 2861 475 2930 pressi
491 2874 525 2912 ex
542 2874 575 2911 ea
592 2865 766 2921 secesserant,
783 2857 863 2909 etiam
879 2857 906 2909 si
926 2857 1036 2910 reduces
1053 2856 1151 2922 iecere,

67 2931 190 3000 captivos
207 2932 273 2982 item
290 2930 483 3000 quoquomodo
500 2931 531 2981 in
555 2928 710 2982 libertatem
734 2927 893 2982 vindicatos.
937 2943 1053 2998 namque
1071 2945 1152 3000 quam

89 3002 181 3052 iurimi
199 3002 305 3069 piorum
330 3000 480 3062 hominum,
498 3000 643 3052 infortunii
666 2999 898 3052 commiseratione
920 2998 1093 3063 devictorum,
1114 2999 1152 3056 li,-

67 3018 231 3133 sseraiitate,
249 3080 278 3122 et
293 3071 462 3140 potissimum
481 3070 621 3122 Servorum
646 3069 798 3140 principis,
819 3070 860 3122 cui
880 3087 944 3138 prae
962 3069 1032 3130 aliis,
1051 3069 1152 3140 quibus

67 3150 191 3194 caeteros
215 3149 340 3210 superat,
356 3141 502 3193 virtutibus
527 3143 700 3211 praecipuum
728 3150 770 3194 est
790 3141 820 3192 in
838 3155 936 3209 egenos
956 3141 1152 3204 beneficentia,

68 3211 204 3280 redempti
220 3212 336 3264 fuerant
374 3213 396 3263 is
414 3214 487 3263 enim
507 3229 600 3264 aarum
620 3213 781 3264 fidisamicis
797 3212 980 3266 concreditum
1000 3227 1048 3282 pro
1066 3211 1151 3263 liber-

67 3291 127 3336 tate
146 3282 309 3352 captivorum
330 3282 451 3352 impendi
476 3283 664 3347 mandaveram
691 3299 780 3354 neque
798 3283 912 3336 consilio
932 3283 1074 3334 frustratus
1092 3291 1151 3346 est,

69 3371 105 3405 eo
124 3352 260 3422 siquidem
278 3371 343 3405 aure
360 3355 458 3406 multos
472 3353 507 3404 ab
526 3371 558 3408 ec
578 3355 651 3406 missi
663 3354 851 3420 redemerunt3
873 3355 919 3422 qui
940 3354 1037 3406 reversi
1055 3353 1084 3404 in
1101 3371 1152 3422 ps-

69 3425 167 3485 triam,
185 3432 215 3476 ut
231 3425 398 3489 coniicimns,
417 3425 452 3476 ed
471 3423 523 3477 hoc
541 3434 646 3495 tempus
663 3442 722 3476 cum
739 3426 816 3488 aliis,
834 3426 882 3496 qui
901 3441 934 3476 ex
954 3424 1064 3475 dirersis
1082 3424 1149 3474 locis

68 3495 125 3548 huc
143 3512 290 3559 accurrere,
308 3505 372 3548 sunt
392 3513 506 3548 numero
524 3497 608 3548 miile.
653 3505 682 3548 et
703 3497 726 3548 si
746 3497 807 3566 quis
825 3496 904 3547 simul
922 3497 1021 3547 Turnus
1041 3493 1152 3546 huiusce

71 3566 147 3617 urbis
160 3566 325 3619 habitatores
342 3567 530 3626 numeraverit,
548 3574 627 3618 erunt
640 3567 696 3620 sere
716 3567 758 3618 bis
776 3567 859 3618 miile.
896 3566 1070 3635 opinabamur
1087 3579 1151 3616 vero

70 3637 165 3691 urbem
182 3655 272 3691 rursus
285 3639 427 3708 pristinum
444 3638 568 3690 decorem
582 3647 757 3707 recepturam,
771 3646 799 3689 et
808 3640 936 3706 pietatem
949 3637 1024 3688 novis
1043 3635 1152 3688 floribus

70 3715 234 3761 emersuram
249 3718 284 3772 et,
302 3719 334 3762 nt
350 3719 438 3769 antea,
455 3710 535 3778 longe
550 3709 662 3778 lateque
681 3708 869 3776 divagaturam.
896 3717 923 3760 et
941 3707 1010 3759 sorte
1028 3711 1151 3759 eiitctum

70 3778 217 3844 habuisset,
233 3783 261 3831 ni
273 3799 361 3833 mrsus
372 3797 489 3832 meorum
500 3781 658 3831 delictorum
668 3782 745 3848 copia
763 3779 912 3832 obstitisset
931 3779 1061 3849 datusque
1082 3787 1154 3831 esset

70 3849 147 3903 locus
166 3853 343 3922 improbitati.
364 3869 397 3902 ex
408 3869 462 3920 quo
473 3853 544 3902 enim
555 3853 650 3902 civitas
667 3852 823 3920 captivitate
841 3867 930 3920 pressa
944 3851 1038 3910 iuerat,
1050 3859 1076 3901 rt
1089 3851 1152 3900 Mu·

71 3929 142 3973 rates
161 3924 250 3975 omnia
269 3933 299 3976 et
316 3924 441 3976 aedificia
462 3931 490 3974 et
501 3924 683 3993 possessiones
702 3931 730 3975 et
746 3939 819 3974 sacra
839 3923 939 3992 templs
954 3931 980 3973 et
992 3921 1153 3973 monasteris

71 4000 100 4044 et
119 4009 212 4046 eorum
230 3997 331 4049 reditus
350 3994 429 4046 nubis
447 3993 644 4046 revertentibus
663 4011 775 4064 quoquo
793 3994 874 4044 modu
893 3993 985 4046 liberis
1003 3993 1079 4044 fectis
1097 4008 1153 4041 nsa-

71 4065 167 4130 gniiice
184 4075 212 4119 et
229 4067 378 4136 scripto'et
395 4081 519 4118 sermone
538 4066 664 4133 elargitus
684 4075 733 4124 est,
754 4073 781 4116 et
801 4065 868 4116 iocis
886 4081 917 4115 ex
928 4063 1051 4116 omnibus
1071 4061 1154 4112 adve-

71 4136 209 4189 nientibus
227 4137 378 4192 libertatem
395 4138 485 4209 palam
506 4134 602 4201 edixit,
621 4144 650 4190 et
667 4151 728 4190 snas
747 4136 843 4188 dumus
863 4145 891 4189 et
908 4149 1084 4207 quaecuuque
1102 4133 1153 4186 im·
