2675 4584
220 224 307 329 46ss
562 250 736 316 coruunt
765 247 952 316 erumna

218 404 451 486 Μαχουμὲτη.”
490 399 587 475 αότός
610 402 646 465 δὲ
674 399 857 482 όμέγιστος
885 396 940 463 κατ’
955 396 1053 474 πολάς
1079 397 1155 480 παρ’
1176 397 1299 473 ἐκεινοις

215 499 379 585 ότάγενής
411 500 626 586 πατριάρχης,
647 498 683 565 δν
710 494 798 580 εἶχον
818 496 1026 583 προορατικόν
1046 501 1103 562 καί
1125 495 1298 582 προφήτην,

214 593 352 680 τοάνομα
372 601 561 684 Μηρσαΐτης
587 601 629 685 τή
647 599 795 683 Περσικῇ
823 600 988 686 διαλέκτῳ,
1016 598 1204 663 άπὲστειλεν
1223 595 1298 658 άπα-

215 701 401 782 νρισαρίους
424 696 486 762 άπὸ
504 696 723 782 τήςΠροόσης
741 690 778 781 ἧς
797 697 948 763 ἐκατοόκει
969 693 1124 780 πρός.τάν
1145 696 1298 776 δεσπότην

215 801 277 863 τάν
300 793 466 880 Τοόρκιιν,
494 801 550 860 κατ’
567 792 653 862 εἶπεν
667 791 749 880 “dpn
778 797 872 880 μήπω
892 791 1038 882 συνάψῃς
1058 794 1200 874 πόλεμον
1221 789 1316 873 nott

214 900 277 961 ταῖν
293 897 460 977 Ῥωμαίων
491 897 548 960 καί
573 893 630 960 τόν
659 895 798 976 στρατόν
827 894 982 982 α’πολόοης
1003 894 1059 958 κατ’
1083 891 1124 956 τά
1144 895 1221 975 γένη
1240 893 1297 954 τάν

214 994 488 1075 Μουσουλμάνοον,
502 998 560 1070 ἓως
581 990 633 1058 ότι
646 991 706 1077 e'yoi
724 993 764 1057 νά
785 995 902 1080 φθάσω
917 997 973 1057 καί
985 989 1117 1075 δηλοόσοο
1131 989 1193 1076 τήν
1213 984 1297 1072 άόραν

212 1099 269 1178 τῆς
280 1099 462 1179 συμπλοκῆς
472 1095 527 1160 τοῦ
544 1098 692 1174 πολέμου,
715 1091 758 1169 ὥς
777 1093 906 1175 όμδγας
917 1092 991 1176 ήμῖν
1004 1090 1148 1156 διδάσκει
1163 1084 1297 1154 Ῥοσοόλ

213 1195 231 1258 ό
250 1195 420 1281 προφήτης.
462 1197 516 1259 καί
534 1195 677 1276 γινώσκω
700 1195 735 1258 δὲ
756 1191 901 1267 τοῦτοτός
918 1188 1125 1276 προορατικός
1145 1187 1203 1254 καί
1221 1213 1295 1274 προ.

182 1294 342 1380 cpsjrpq?¹
380 1297 481 1359 sasire
503 1295 539 1358 δὲ
561 1293 700 1366 αἰιοόσας
720 1295 782 1358 tois
807 1293 955 1374 Τοόρκοιν
985 1289 1003 1354 o‘
1026 1287 1178 1375 δεσπότης
1201 1286 1326 1373 ἕπρα-ιο

210 1399 260 1472 ξεν
283 1394 326 1468 οός
345 1392 495 1477 ὥρι’σδην,
514 1394 568 1456 καί
586 1392 716 1472 αὐέμενε
738 1389 795 1455 τόν
828 1385 1105 1476 ψευδοπροφήτην.
1145 1394 1204 1454 κατ’
1224 1395 1292 1470 μεθ1

208 1494 331 1578 ἡμέρας
350 1492 457 1575 όλόγας
475 1491 628 1578 ἔφθασεν.
671 1485 768 1574 ἢλθεν
786 1489 1007 1574 όΜηρσαΐτης
1027 1493 1082 1555 καί
1096 1485 1293 1572 πατριάρχης

207 1595 270 1658 τάν
295 1593 441 1676 Τοόρκοιν
460 1589 541 1673 μετά
556 1597 779 1664 πεντακοσίους
792 1591 1108 1675 Τὸυρκοκαλογὲρους,
1129 1586 1187 1654 ἕπτ’
1203 1589 1294 1672 ήμιό-

207 1715 264 1757 νου
285 1693 472 1777 καθήμενος,
502 1692 558 1756 καί
582 1695 624 1778 τῷ
645 1691 785 1774 σχήματι
816 1688 1035 1772 σοβαράτατος
1052 1689 1110 1754 καί
1131 1687 1170 1752 τὸ
1198 1713 1293 1770 μεγα-

207 1799 290 1857 λεῖον
311 1790 495 1867 δεινότατος.
514 1786 554 1855 τά
574 1793 609 1854 δὲ
636 1791 742 1875 πλήθη
763 1789 826 1855 τιόν
854 1785 1120 1870 Μουσουλμόνοιν
1140 1792 1189 1864 εἰς
1208 1790 1329 1866 eino-d

206 1891 328 1974 παντήν
358 1895 530 1974 ἐξέδραμον
561 1889 622 1973 τήν
649 1893 780 1968 ἐκεινου,
815 1892 870 1955 κατ’
889 1890 934 1965 σός
954 1885 1081 1972 άγηελον
1102 1892 1136 1968 ἐξ
1154 1890 1290 1972 οδρανοό

206 1987 384 2071 καταβάντα
408 1990 448 2054 τά
469 1991 733 2073 μωροθαόμαοτα
753 1991 827 2073 γένη
849 1993 910 2056 τοῖν
932 1986 1079 2074 Τοόρκαν
1102 1985 1288 2066 όπεδέξαιτο

205 2093 326 2171 τοῦτον,
348 2089 402 2154 καί
418 2089 461 2174 μή
485 2091 582 2170 μόνον
602 2089 675 2163 τοὺς
701 2086 800 2164 πόδας
820 2092 940 2154 ἐκείνου
961 2087 1134 2173 ἠσπάζοντο
1159 2089 1217 2154 seat
1235 2086 1288 2162 τάς
1328 2165 1329 2170 ¹

204 2197 331 2273 χεῖρας,
352 2187 432 2253 άλλά
455 2193 510 2253 καί
530 2191 590 2254 τοῦ
608 2186 740 2272 ἡμιόνου
762 2187 837 2264 τοός
854 2188 1004 2272 χαλινοδς
1023 2188 1079 2252 καί
1095 2185 1172 2263 τούς
1192 2187 1288 2262 πόδας
1328 2197 1329 2204 ’

206 2278 245 2351 οδ
268 2289 421 2370 σ’ποχεϊτο.
476 2287 593 2369 όμσόας
620 2285 677 2351 καί
701 2286 717 2350 ό
745 2287 895 2372 δεσπότης
925 2291 987 2354 τάν
1014 2285 1161 2373 Τοόρκοιν
1181 2291 1329 2354 touton

171 2389 331 2472 Βπρεποός
348 2382 520 2462 διεδέξατο
533 2387 653 2450 τοότον.
677 2384 771 2462 ου’τός
791 2389 827 2452 di
843 2384 978 2471 σοβαρός
998 2387 1054 2452 κατ’
1073 2390 1286 2472 μεγαλοάιτόρ·

204 2509 278 2570 οχος
305 2483 427 2571 despuito
446 2493 511 2563 τοῖς
536 2487 645 2551 πάσιν.
688 2484 770 2572 πλήν
794 2487 830 2551 δὲ
849 2489 1022 2574 ἐπηρμένος
1041 2490 1098 2552 seui
1114 2509 1286 2572 yeyuoptn·

204 2797 322 2852 nemque
344 2777 448 2832 Rutulis
468 2775 644 2832 Mahometiff’
689 2777 735 2832 hic
759 2779 853 2851 itaque
877 2782 1007 2835 maximus
1034 2791 1063 2836 et
1080 2783 1199 2835 maxims
1217 2781 1286 2852 apud

205 2869 252 2904 eos
270 2851 430 2903 auctoritate
447 2850 587 2920 praeditus
614 2848 716 2902 nobilis
738 2851 897 2922 patriarcha,
920 2870 999 2923 quem
1017 2853 1060 2905 ilii
1074 2871 1163 2906 rerum
1184 2853 1287 2905 futura·

204 2939 263 2975 rum
282 2930 479 2992 prospectorem
498 2929 526 2973 et
542 2929 742 2991 praecentorem
760 2925 929 2993 reputabant,
944 2925 1071 2976 Mersaita
1090 2923 1209 2976 dialecto
1228 2924 1288 2976 Per·

119 3007 125 3013 ’
204 2993 1078 3133 izttttittttpff{titt1¹¹¹rt¹zti¹²ti⁰s¹¹32¹¹ttt
1096 2996 1239 3118 sitiit?
1255 2995 1287 3114 p

204 3151 284 3206 gnam
302 3137 395 3197 ineas,
420 3141 449 3186 et
464 3134 609 3185 exercitum
636 3102 798 3205 {gentemque
822 3135 920 3204 perdas
945 3137 1183 3200 Musulmanorum,
1203 3083 1287 3192 dedeo

204 3206 214 3256 i
235 3221 263 3257 se
283 3205 416 3256 advenero
445 3203 656 3273 indicaveroque
683 3212 868 3276 tempestatem
896 3206 1042 3270 conflictus,
1061 3215 1222 3276 utmagnus
1240 3223 1286 3258 noe

205 3223 288 3329 docet
307 3277 418 3327 itssulus
428 3273 578 3345 propheta:
600 3274 652 3327 hoc
663 3291 728 3328 vero
741 3292 882 3346 cognosco,
899 3278 1000 3348 qnippe
1018 3278 1064 3348 qui
1085 3278 1179 3330 divine
1200 3285 1286 3330 mento

204 3363 249 3400 res
268 3347 430 3418 prospiciam
450 3353 479 3398 et
496 3342 676 3416 praedicam.’⁸
711 3345 778 3399 haec
788 3346 901 3400 audiens
922 3347 1068 3400 Turcarurn
1085 3349 1214 3420 princepe
1233 3349 1286 3400 ius-

205 3419 281 3470 sibus
299 3417 412 3477 obediit,
432 3423 460 3468 et
482 3415 746 3486 pseudoprophetam
776 3417 944 3488 expectabat,
966 3421 1013 3490 qui
1034 3435 1090 3470 non
1108 3419 1211 3474 multos
1228 3427 1288 3492 post

206 3488 264 3542 dies
286 3490 402 3541 advenit.
439 3487 552 3540 accessit
563 3488 689 3540 Merssita
707 3497 734 3540 et
746 3487 895 3558 patriarcha
913 3489 1056 3542 'furcarum
1078 3506 1139 3541 cum
1157 3492 1287 3560 quingen-

206 3562 243 3613 tis
261 3561 355 3612 Turcis
383 3559 532 3612 aoiitarium
557 3559 710 3611 institutum
739 3559 874 3629 proieesis,
891 3559 980 3612 mulae
999 3557 1126 3623 assidens,
1146 3561 1229 3628 figura
1248 3561 1288 3612 in-

207 3631 413 3695 solentissimos,
423 3631 493 3682 fastu
505 3628 763 3682 vehementissimus.
784 3630 1012 3682 Musuimauorum
1025 3631 1121 3698 copiae
1137 3631 1180 3682 ilii
1194 3631 1287 3682 obviae

207 3701 293 3752 factae
309 3710 381 3765 sunt,
394 3710 424 3754 et
434 3710 560 3772 tanquam
573 3701 698 3769 angelum
711 3700 745 3752 de
757 3701 833 3753 eaelo
846 3702 971 3754 ustiones
981 3701 1210 3764 iilaeTurcaruns‚
1230 3702 1288 3772 qui·

206 3771 258 3821 bus
277 3787 318 3822 res
328 3773 512 3842 ineptissimae
523 3772 752 3841 stultissimaeque
769 3771 972 3824 admirationem
983 3779 1099 3833 movent,
1118 3774 1200 3842 proni
1219 3773 1288 3823 exci-

205 3841 295 3912 piunt,
315 3857 404 3912 neque
422 3860 517 3894 manus
533 3842 606 3894 iliius
622 3843 761 3912 pedesque
779 3843 963 3896 tantummodo
983 3843 1182 3904 deosculantur,
1196 3843 1246 3894 sed
1263 3847 1289 3892 et

205 3912 369 3981 mulsoque
395 3913 626 3966 vehebaturirens
653 3921 681 3964 et
705 3911 798 3984 pedes.
846 3913 939 3967 eadem
966 3915 1070 3966 ratione
1096 3922 1125 3967 et
1140 3913 1287 3968 Turcarun

205 3983 332 4054 princeps
352 3983 484 4034 serviliter
510 3977 570 4034 eum
589 3984 699 4052 excipit.
742 3983 792 4036 ille
818 3985 903 4053 gravis
925 3985 1046 4057 aliosque
1068 3987 1186 4040 maximo
1205 3989 1287 4040 inter·

205 4053 279 4104 valio
291 4053 493 4122 supereminens
506 4069 605 4116 omnes,
624 4069 732 4105 necnon
749 4055 874 4126 superbia
893 4065 1007 4120 tumens,
1027 4067 1055 4112 et
1073 4059 1215 4124 magnifice
1233 4071 1287 4108 sese

207 4125 309 4178 iactans
331 4129 415 4192 atque
441 4130 595 4189 ostentans,
619 4123 706 4178 vetuti
723 4141 849 4196 procerus
876 4135 904 4180 et
928 4135 1088 4198 περιττοὶ
1110 4125 1289 4198 deprosspia
1328 4133 1329 4186 j
