2675 4584
300 225 384 293 ruo
411 228 577 292 vannus
607 226 716 290 scau
744 227 946 292 uouonu.
1080 193 1163 284 533

70 372 205 446 ἄνωθεν
227 377 307 461 νόες,
328 379 443 465 φωνάν
455 382 513 443 νύν
534 375 659 460 αἴρεται
672 372 803 460 ἀσήμων
818 379 948 464 κραυγή,
969 377 1024 442 κατ’
1035 377 1071 442 τό
1096 383 1167 444 dos·

71 476 186 563 μόνων
205 476 356 564 όφηόετοιι
375 480 497 564 φῦλον,
528 473 666 560 σιγοόσας
687 475 770 556 ὁρῶν
789 475 958 559 παννύχιον
979 479 1067 566 ηόόιόν
1087 473 1166 561 inp*

73 581 210 660 ρέτιόας
228 576 379 661 γλιόττας.
419 577 506 658 οἴμοι
518 584 531 640 !
550 580 616 651 ποός
638 569 679 640 όν
699 577 857 659 α’όοικροτέ
874 576 931 660 τη“ν
949 578 1069 641 τούτων
1086 575 1167 661 μνη-

73 703 146 762 μην
169 680 342 758 ένόγκοιμις
372 673 450 742 ἔνθα
471 677 534 754 ζοόν
563 674 659 752 αύτός
678 671 695 738 ό
715 677 787 740 καθ’
808 671 954 759 ἡμᾶςδι’
978 676 1060 758 ἡμεῖς
1079 677 1167 760 γενό·

35 779 176 859 Sume
194 779 400 861 καθεωρᾶτο,
433 775 533 861 δῆμός
552 798 588 840 τε
613 777 833 840 arcessitus
861 779 987 854 βλέπειν
1008 775 1166 859 ἀγγέλων,

75 875 160 960 ἔργα
179 883 247 951 τοῖς
265 877 422 952 ἀντιθέοις
441 877 639 960 παρανομίας
659 877 824 956 τολμάτσι.
843 877 899 939 καὶ
918 877 1049 958 σκηπτοέ
1068 876 1163 960 oripo·
1175 891 1227 960 379

76 976 179 1041 νόθεν
207 974 248 1038 ού
276 977 517 1062 καταφέρονται
567 970 718 1040 ιότόπων
745 976 811 1062 θεῷ
831 976 1089 1060 ταρασσομένων]
1130 972 1169 1058 ἣν

77 1078 262 1141 έπλοντεῖτε
282 1075 374 1142 θείαν
393 1072 563 1162 α’φῄρηοθε
580 1072 696 1159 χάριν,
726 1075 781 1138 κατ’
806 1081 872 1149 τοῖς
890 1079 1059 1158 τολμηταῖς
1079 1070 1168 1154 παρά

79 1177 210 1259 φαῦλον
222 1175 395 1256 λογίζεσθε.
436 1166 464 1238 d
485 1172 588 1250 ποόςό
611 1178 668 1258 τῆς
689 1174 860 1257 εύημεριὶτς
873 1172 948 1257 ἡμῖν
969 1171 1079 1254 καιρός
1098 1177 1169 1236 sins.

16 1293 72 1337 so
80 1277 205 1347 θέσεως
216 1273 271 1337 καὶ
280 1275 481 1357 καταδρομῆς
493 1274 609 1356 γε’γονε,
624 1275 681 1337 aei
692 1273 955 1357 καταλειφθέντες
967 1271 1102 1353 αι’σχύνη
1116 1269 1172 1335 καὶ

80 1365 206 1467 ὄνειδος
217 1369 420 1456 γεγενήμεθα.
443 1371 583 1454 οἴχονται
595 1369 796 1456 πανηγύρεις,
810 1369 950 1453 οἴχονται
964 1371 1061 1435 θείων
1081 1374 1171 1435 iscu-

80 1471 245 1553 πωμάτων
264 1472 494 1555 λαμπρότητες.
515 1471 659 1538 σ’πόλωλε
684 1469 855 1556 παρρησία.
886 1468 920 1537 τό
940 1474 1000 1537 τιόν
1019 1472 1171 1553 μοναχοῑν

82 1569 278 1657 ἀπελήλαται
288 1571 404 1653 τάγμα,
415 1575 469 1635 καί
478 1573 588 1636 πολιαὶ
595 1575 815 1655 πρεσβυτέρων
824 1574 879 1636 καί
890 1567 1046 1636 διακόνων
1058 1570 1172 1651 σεμνό-

81 1696 142 1756 της
154 1673 190 1736 έν
199 1681 263 1747 τοῖς
272 1671 393 1752 ότόμοις
404 1673 585 1756 λογιζονται.
602 1663 656 1756 ἆρ’
668 1665 725 1734 ούκ
737 1670 869 1754 άβιόοτος
881 1666 897 1734 ό
908 1671 977 1752 βίος
991 1669 1081 1754 ἡμῶν
1093 1671 1172 1750 ioci,

23 1769 143 1835 ιόκαί
163 1762 257 1853 ἧττον
276 1774 332 1836 τού
359 1773 415 1853 ζῆν
436 1769 472 1835 τό
499 1775 610 1834 θανεῖν
631 1770 701 1836 dori
720 1779 846 1853 πικροῖς
863 1767 947 1835 ositos
966 1773 1172 1852 βαλλομένοις

82 1872 160 1934 καθ’
172 1863 306 1954 όκόστην
319 1865 464 1955 όόύναιςς
477 1863 558 1954 ἦπου
570 1893 606 1953 γε
623 1871 736 1944 πάντες
752 1863 792 1934 όν
804 1892 858 1951 μοι
872 1873 1127 1957 συμφθὲγξαιντο
1143 1867 1177 1933 oi

83 1966 221 2051 πάσχειν
239 1972 273 2034 όν
290 1977 356 2044 τοῖς
377 1969 526 2046 τοιούτοις
547 1969 738 2054 πεφύκεσαν.
781 1967 924 2054 ἠπόρησα
949 1963 1006 2034 oda
1024 1967 1173 2046 πολλάκις

83 2073 155 2132 κατ’
178 2065 316 2147 έμαοτόν
337 2063 410 2132 ἄνθ’
429 2063 502 2133 ότοο
522 2069 635 2150 ταῦτα,
663 2072 721 2132 καί
739 2070 805 2143 usic
826 2069 871 2143 εἰς
890 2070 1038 2134 τοσοῦτον
1057 2063 1173 2154 ἥκομεν

84 2171 298 2251 κακοπραγίας
316 2164 347 2231 oi
365 2167 563 2243 πεπονθότες.
606 2167 662 2252 καί
681 2157 781 2251 εύρον
798 2167 914 2233 λύσντά
936 2189 990 2250 μοι
1011 2166 1175 2232 σύνθετον

29 2291 77 2333 20
86 2266 179 2350 λόγον
198 2264 256 2350 τήν
278 2265 430 2349 άπορύοιν,
455 2264 583 2332 “ε”σται”
612 2269 741 2351 λέγοντα
759 2265 800 2350 “si
822 2270 861 2352 γῆ
880 2263 969 2348 ipsis
987 2263 1102 2354 ἔρημος
1121 2265 1175 2330 καὶ

86 2363 123 2431 αἶ
155 2367 304 2440 έπαύλεις
324 2362 415 2446 ύμοῑν
435 2364 566 2452 ἔρημοι,
598 2361 647 2430 ότι
676 2365 767 2448 ύμεῖς
795 2365 987 2452 έπορεύθητε
1018 2365 1097 2448 πρός
1118 2367 1174 2446 ε’μὲ
1229 2363 1232 2370 '

86 2465 224 2549 πλάγιοι,
245 2463 331 2549 κύγιό
353 2463 547 2551 πορεύσομαι
566 2466 646 2553 πρός
664 2465 749 2550 ύμός
770 2468 804 2532 όν
822 2469 916 2556 θυμῷ
935 2464 1084 2554 πλαγύηι.”
1125 2460 1175 2528 ἔν-

91 2767 147 2803 rum
165 2749 253 2821 fragor
268 2751 420 2804 sustollitur
439 2760 467 2805 ct
484 2753 646 2806 daemonum
657 2751 755 2805 chores
774 2751 915 2815 subsultat,
937 2752 1000 2804 dum
1019 2751 1175 2805 cantionum

90 2830 173 2875 totam
183 2830 290 2874 noctem
300 2823 490 2892 pervigilantes
507 2823 676 2876 administras
690 2824 794 2890 linguas
811 2824 955 2874 taciturnus
967 2823 1105 2892 conspicit.
1126 2839 1174 2874 uae

89 2892 169 2945 mibil
189 2911 241 2962 qua
255 2895 359 2944 ratione
370 2893 472 2962 absque
483 2895 599 2944 lacrimis
608 2910 700 2944 eorum
712 2895 867 2944 memoriam
878 2893 1013 2962 repetam?
1026 2893 1072 2942 ubi
1083 2893 1174 2944 vivens

90 2963 159 3033 ipse,
170 2965 227 3031 qui,
239 2964 307 3015 sicut
323 2981 381 3024 nos,
394 2971 505 3031 propter
515 2982 564 3015 nos
576 2966 671 3026 iactus,
685 2963 902 3032 conspiciebatur
913 2971 942 3016 et
954 2963 1107 3030 angelorum
1126 2981 1174 3015 co·

92 3035 154 3104 piae
166 3032 257 3084 videre
267 3032 502 3102 pertimescebant,
513 3035 570 3086 illic
582 3035 616 3086 ab
631 3035 722 3104 impiis
736 3031 793 3086 dira
805 3035 922 3086 facinora
931 3041 1132 3104 perpetrantium
1147 3041 1175 3085 et

92 3105 204 3155 fulmina
216 3103 252 3155 de
261 3105 336 3155 caelo
352 3121 408 3154 non
421 3103 542 3158 cadunt?
561 3124 578 3158 o
597 3106 655 3157 loca
673 3105 725 3156 deo
735 3104 902 3158 consecrata!
922 3121 973 3174 qua
985 3103 1175 3166 abundabatis,

92 3174 181 3226 diviua
193 3174 276 3242 gratia
294 3174 459 3244 spoliamini,
479 3183 508 3227 et
524 3177 619 3245 pipulo
637 3194 652 3226 a
671 3177 820 3228 temerariis
833 3175 998 3226 differimini.
1035 3175 1099 3235 beu,
1120 3191 1174 3243 quo

92 3244 171 3297 modo
180 3245 364 3315 prosperitatis
377 3253 481 3314 tempus
492 3247 666 3314 aggressionis
681 3256 709 3298 et
725 3247 884 3300 incursionis
901 3247 999 3297 iactum
1016 3253 1065 3306 est,
1077 3254 1104 3296 et
1116 3261 1175 3307 nos,

93 3317 139 3385 qui
158 3316 344 3378 remansimus,
368 3315 543 3386 opprobrium
572 3326 601 3369 ct
617 3317 748 3368 infamia!
792 3317 884 3369 abiere
902 3317 1007 3386 publici
1027 3323 1174 3368 conventos

93 3394 121 3438 et
138 3385 318 3448 celebritates,
339 3386 430 3438 abiere
447 3387 597 3438 divinarum
617 3389 761 3455 effigierum
786 3386 952 3458 splendores.
989 3388 1072 3456 periit
1089 3385 1174 3438 liber-

91 3465 148 3519 tas,
172 3456 362 3508 monachorum
389 3467 482 3510 coetus
504 3460 606 3510 eiectos
624 3468 681 3524 est,
705 3457 920 3528 presbyterorum
938 3458 1048 3510 canities
1070 3464 1098 3508 et
1116 3457 1176 3507 dia·

93 3543 217 3580 conorom
236 3529 348 3596 gravitas
365 3529 484 3580 omnium
500 3531 625 3580 irrisione
645 3528 798 3580 laeduntur.
835 3546 868 3580 an
886 3545 941 3580 non
958 3529 1013 3580 vita
1028 3528 1176 3580 iniucunda

94 3606 122 3650 et
137 3597 241 3659 acerba,
260 3599 403 3668 minusque
423 3609 464 3652 est
482 3600 560 3651 nobis
573 3599 656 3651 emori
676 3617 754 3670 quam
769 3600 866 3661 visere,
884 3606 927 3650 tot
946 3597 1013 3650 diris
1031 3598 1173 3650 doloribus

94 3669 214 3740 quotidie
233 3669 386 3738 oppressis?
429 3685 514 3730 sane,
531 3670 602 3722 idean
627 3678 711 3741 atque
730 3687 780 3738 ego
805 3669 925 3721 sentient
943 3671 991 3739 qui
1010 3670 1126 3738 compati
1145 3671 1175 3720 in

94 3740 222 3806 similibus
249 3739 377 3791 assolent.
423 3741 530 3808 saepius
556 3741 649 3811 itaque
674 3757 774 3792 mecum
798 3741 855 3809 ipse
881 3739 1040 3792 addubitavi
1066 3737 1175 3810 quade

95 3827 169 3862 causa
188 3809 255 3862 llaec
278 3809 357 3861 nobis
380 3808 541 3863 obvenerint
568 3819 668 3880 etqua
688 3812 793 3863 ratione
819 3811 847 3861 in
865 3818 940 3861 tanta
958 3811 1028 3862 mala
1047 3809 1175 3862 incideri-

94 3897 164 3944 mus;
182 3881 328 3951 invenique
350 3879 514 3933 dubitationi
544 3897 619 3932 meae
637 3882 702 3934 satis
721 3883 778 3932 fieri
804 3899 819 3932 a
839 3881 932 3932 divino
953 3881 1073 3952 eloquio,
1088 3879 1174 3932 “erit’'

95 3950 197 4002 dicente
213 3950 302 4003 “terra
322 3959 411 4003 vestra
429 3950 535 4004 deserta
554 3960 584 4003 et
601 3953 682 4004 villae
703 3960 805 4004 restrae
824 3951 955 4015 desertae,
976 3954 1105 4022 quioniam
1128 3967 1174 4002 sos

96 4021 274 4074 ambulavistis
298 4021 333 4074 ad
358 4037 402 4073 mo
429 4021 552 4092 obliqui,
585 4031 614 4074 et
631 4039 681 4090 ego
698 4021 840 4074 ambulabo
866 4022 899 4073 asi
918 4041 964 4074 vos
982 4025 1011 4074 in
1036 4021 1189 4074 iracundia-

97 4091 229 4163 obliqua.'‘
266 4091 329 4146 binc
342 4095 421 4169 plora
438 4093 545 4148 dicendi
558 4093 639 4147 ύοεω
656 4095 758 4147 iaciens
775 4094 911 4146 silentium
929 4095 1062 4166 praefero.
1098 4107 1174 4145 nam-
