2675 4584
84 267 87 276 ·
189 218 274 305 206
504 240 678 306 uuonuu
707 242 948 307 rursum

186 400 236 461 λιν
256 388 338 475 μετά
361 392 420 455 τοῦ
442 380 600 455 σάθέντσυ
618 386 710 475 ήμῶν
722 394 781 457 cosi
798 396 872 457 νέου
892 388 1086 475 ἐστεμμένον
1109 397 1286 475 βασιλέως,

156 491 266 575 Βμεεά
290 490 521 557 Καταλανικῶν
550 487 723 575 τριήρεσιν,
752 494 809 557 καί
841 492 929 577 παρά
957 489 1085 559 πάντων
1111 496 1288 570 άσπασάυς

186 592 306 679 ἐδέχθη
326 588 342 655 ά
363 594 431 665 stoc
451 581 531 669 ἅναξ
547 591 627 671 μετά
646 593 766 675 χαράς,
790 594 1004 677 ἐμπλησμένοι
1023 589 1160 671 ἅπαντες
1179 594 1288 677 α’γαλ·

187 695 322 767 λιάσεαις
339 694 394 755 καί
415 688 622 775 εὐφροσύνης,
643 694 699 756 κατ’
711 688 893 775 θριάμβους
904 694 1062 775 μεγάλους
1079 690 1286 775 ποιήσαντες,

187 793 232 869 ὥς
253 789 327 866 ἔθος
347 788 433 855 ἐστίν
454 796 520 865 τοῖς
534 792 647 853 νεωστί
659 792 859 870 ἐσκεμμένους
879 795 1048 872 βασιλεῦσι
1062 798 1174 861 ποιεῖν.
1195 794 1319 872 μετὰὸ

189 896 228 958 δὲ
248 914 335 965 τινας
357 890 479 973 ἡμέρας
499 886 554 952 τὸν
579 887 782 975 ου’τάδελφυν
805 890 908 954 αὖτσά
925 889 981 956 τὸν
1000 889 1060 974 κάρ
1082 890 1206 971 Θωμᾶν
1225 892 1287 953 τόν

190 986 444 1059 αάθειτόπσυλον
465 988 510 1065 είς
530 985 567 1051 τά
589 988 771 1053 δεσποτικὸν
794 992 919 1071 α’ξάομα
938 990 1118 1073 άνεβιβασε.
1160 988 1220 1053 καί
1238 992 1288 1077 τῷ

192 1092 278 1177 adripi
302 1086 363 1153 ἔτει
384 1090 417 1153 ἐν
436 1086 516 1172 μηνί
534 1087 714 1177 Λάγοάστρι
734 1087 871 1167 ἐξελθών
883 1093 940 1174 τῆς
960 1085 1082 1165 πόλεως
1100 1088 1117 1154 d
1138 1112 1286 1175 πραρρη·

192 1193 262 1267 θείς
284 1184 431 1272 δεσπότης
460 1185 520 1269 κάρ
555 1188 675 1269 Θωμᾶς
708 1188 852 1273 άπήλθεν
883 1191 929 1264 εἰς
949 1189 1202 1274 Πελοπόννησον.
1245 1191 1290 1275 τῇ

193 1292 231 1356 δὲ
250 1288 356 1374 πρώτη
378 1286 591 1369 Σεπτεμβρίου
614 1289 674 1351 cosi
694 1284 789 1379 Ιςθνί
809 1284 899 1365 ἔτους
919 1289 1031 1370 ἐξῆλθε
1050 1290 1107 1352 καί
1126 1284 1143 1351 ά
1168 1287 1286 1353 δεσπό-
1300 1316 1333 1355 r.

193 1412 250 1475 της
271 1387 287 1451 ὃ
305 1388 598 1471 πορφυρσγένυητος
617 1384 678 1471 κάρ
704 1384 898 1471 Δημήτριος,
918 1387 975 1452 καί
994 1388 1117 1471 αἰιήλθε
1139 1382 1287 1463 κάκεῖνυς

193 1491 239 1565 εἰς
247 1482 496 1571 Πελοπόννησον,
515 1483 572 1549 καί
581 1483 755 1568 συμβάσεις
767 1489 840 1566 μεθ’
858 1481 961 1571 ὅρκων
981 1491 1123 1573 φρικτάν
1139 1487 1201 1571 πρὸ
1224 1490 1290 1550 τοῦ

193 1588 333 1666 ἐξελθεῖν
345 1584 461 1662 adroic
477 1586 533 1668 τῆς
553 1582 673 1661 πόλεως
692 1580 825 1650 indutos
841 1589 897 1669 τῆς
916 1590 1028 1669 κυρίοις
1044 1585 1163 1670 μητρός
1178 1587 1290 1651 αὐτῶν

194 1688 250 1752 καί
264 1687 450 1768 βασιλίσσης
462 1687 517 1749 κατ’
532 1688 591 1748 τοῦ
603 1683 832 1769 αὐτοκράτορος
851 1684 907 1751 καί
925 1686 1070 1772 ἀδελφοῦ
1090 1685 1146 1751 καί
1155 1685 1289 1750 πάντων

193 1790 259 1851 τάν
273 1790 329 1869 τῆς
350 1783 522 1867 συγκλήτου
541 1785 689 1869 δγκρίτιον
702 1778 865 1868 άρχάντυν
878 1783 1073 1870 ποιήσαντες,
1096 1787 1148 1850 ἴνα
1171 1787 1289 1870 μηδείς
1304 1814 1313 1853 ι

195 1888 255 1950 τοῦ
273 1879 382 1966 ἑτέρου
402 1879 479 1957 τσάς
496 1881 611 1958 τόπους
625 1882 682 1947 καί
700 1879 774 1967 άρια
795 1884 964 1973 άπερπηδᾷ
977 1887 1032 1949 καί
1052 1882 1195 1973 άρπάζη,
1216 1886 1290 1949 ἀλλ’

196 1984 359 2069 εἰρηνικοῖς
380 1980 509 2064 διάγειν.
551 1974 642 2046 οὗτοι
664 1984 701 2046 δὲ
723 1980 800 2063 μετά
819 1986 920 2050 ταῦτα
941 1982 988 2068 μή
1001 1987 1193 2068 τηρήσαντες
1212 1983 1291 2060 τους

197 2079 312 2167 ipsum
332 2085 388 2147 καί
407 2079 465 2156 τάς
484 2077 646 2165 συνθήκας
667 2082 846 2165 ἠθέτησαν·
890 2080 943 2147 διά
964 2087 1059 2149 τοῦτο
1080 2085 1113 2147 ἐν
1130 2080 1291 2165 ὑστέροις,

198 2182 243 2259 ὥς
264 2180 368 2269 ἐφάνη
389 2182 446 2245 καί
462 2174 548 2246 eidos
566 2174 674 2263 κάγά,
707 2182 810 2257 κακῶς
837 2174 996 2262 ἀπέλαβον
1016 2184 1073 2246 καί
1090 2181 1172 2268 πρὸς
1192 2176 1290 2264 άλλή-

198 2290 274 2357 λους
293 2282 495 2365 διετέθησαν,
515 2278 558 2355 ὥς
570 2276 681 2366 πρόσω
701 2278 890 2366 διηγήσομαι
901 2282 941 2347 τά
956 2279 1330 2367 παρακολουθήσανταυ

199 2378 381 2463 άναμεεαξά
407 2378 523 2445 αὐτῶν.

285 2480 331 2567 Τή
351 2480 388 2543 δὲ
406 2478 538 2567 τετάρτη
567 2480 627 2543 τοῦ
646 2478 836 2564 Ὀκτωβρίσυ
864 2477 964 2565 μηνὸς
992 2483 1051 2545 τοῦ
1073 2481 1176 2545 adseri
1195 2477 1289 2555 ἔτους

197 2576 331 2663 άστάλην
352 2575 413 2662 ἐγώ
433 2576 522 2665 παρά
545 2580 602 2644 sod
625 2576 784 2643 σάθέντυυ
805 2602 871 2660 μου
883 2569 940 2645 καί
956 2583 1114 2661 βασιλέως
1134 2579 1212 2665 πρὸς
1231 2577 1289 2646 τὸν

268 2764 294 2814 3.
314 2760 554 2835 inscientium?
623 2764 648 2833 4.
667 2763 805 2829 ἐποίησαν
822 2764 843 2815 Ρ
932 2767 957 2817 5.
976 2771 1070 2819 ποιεῖν
1090 2779 1133 2815 om
1151 2764 1171 2815 P
1257 2784 1285 2834 9.

267 2839 437 2904 παρεγένετο
457 2834 476 2884 Ρ
569 2851 609 2891 ιο.
629 2834 795 2909 δεκεγιβρίου
812 2834 832 2887 Ρ
925 2837 969 2888 23.
989 2828 1039 2892 τὸν
1057 2832 1175 2906 Ἰβηρίας
1192 2834 1288 2906 senip-

267 2923 333 2977 γιον
349 2908 477 2977 πέμπτον
493 2902 513 2956 P

199 3066 295 3111 sonato
307 3056 401 3111 urbem
418 3056 578 3109 intravimus
594 3056 625 3107 iu
642 3057 796 3109 triremibus
808 3056 980 3121 Cstelsnicis,
997 3064 1217 3130 exceperuntque
1233 3073 1287 3109 no-

198 3148 259 3181 vum
297 3128 436 3183 dominum
462 3128 581 3181 universi
604 3126 723 3196 benigne
746 3138 775 3181 et
790 3128 921 3193 hilariter,
946 3130 1053 3200 impleti
1072 3129 1240 3183 exultatione
1257 3138 1288 3181 et

198 3200 323 3265 laetitia,
339 3214 504 3269 magnosque
523 3206 631 3268 ugentes
648 3200 810 3268 triumphos,
834 3199 1060 3269 quemadmodum
1078 3198 1287 3270 imperatoribus

198 3288 292 3325 recens
315 3270 451 3323 coronstis
469 3268 530 3323 fieri
547 3268 626 3321 solet.
651 3270 745 3338 paucis
763 3269 860 3322 diebus
885 3280 947 3342 post
970 3272 1102 3324 Theman
1120 3271 1285 3341 principem,

199 3344 309 3396 listrem
327 3358 489 3411 germanum,
507 3338 543 3391 sd
558 3338 717 3408 dignitatem
727 3339 893 3410 despoticsm
909 3343 1015 3395 erexit:
1033 3344 1081 3413 qui
1092 3342 1189 3398 eodem
1206 3359 1285 3405 suno,

198 3415 317 3482 Augusto
336 3428 428 3465 mense
446 3428 480 3465 ex
496 3411 564 3463 urbe
584 3426 706 3479 egressus
723 3412 752 3462 in
772 3412 987 3482 Peloponnesum
1006 3412 1083 3465 obiit.
1100 3412 1219 3465 calendie
1237 3413 1286 3463 Se·

199 3483 367 3555 ptembribus
384 3484 449 3535 unni
467 3482 537 3549 6955
561 3483 644 3533 etiarn
662 3481 816 3534 Demetrius
835 3483 950 3605 despota
969 3484 1212 3554 porphyrogenitus
1230 3482 1288 3536 dis·

199 3556 280 3609 cessit
301 3555 479 3625 similiterque
497 3552 568 3606 nbiit
585 3553 615 3605 in
633 3552 858 3623 Peloponnesum.
906 3556 916 3607 i
938 3564 1083 3625 antequam
1102 3572 1136 3607 ex
1153 3554 1219 3606 urbe
1238 3570 1286 3606 ex-

160 3654 163 3659 ·
200 3626 344 3689 cederent,
371 3642 460 3679 corum
479 3632 566 3677 matre
595 3624 768 3693 imperatrice
788 3634 817 3677 et
842 3626 1005 3695 imperatore
1026 3627 1111 3677 fratre
1128 3625 1285 3695 cunctisque

201 3697 331 3749 senatorii
353 3696 455 3748 ordinis
471 3696 536 3750 viris
553 3694 718 3765 primoribus
733 3695 877 3749 horrendis
894 3698 1067 3749 succurrentia
1084 3713 1113 3748 ss
1134 3696 1286 3748 adstrinxe-

201 3774 274 3830 runt,
291 3774 323 3817 ut
340 3776 438 3819 neuter
456 3766 568 3819 alterins
585 3766 645 3817 locs
662 3766 785 3835 finesque
804 3766 945 3820 invsdeset
964 3776 1011 3819 aut
1027 3775 1155 3829 vastaret,
1173 3766 1220 3819 ssd
1236 3784 1284 3837 pa-

202 3854 260 3889 cem
279 3844 397 3889 servsret
415 3844 538 3909 uterque.
562 3846 592 3889 nt
613 3854 692 3899 mox,
709 3838 842 3905 neglectis
867 3854 899 3889 sc
914 3838 1023 3894 violetis
1044 3838 1219 3891 sacramentis
1237 3854 1293 3907 pa-

202 3906 411 3977 ctionibusque,
428 3916 539 3977 postes,
569 3916 601 3959 ut
621 3909 774 3977 comperuit
792 3924 900 3979 egoque
916 3909 977 3977 ipae
997 3908 1063 3967 vidi.
1082 3911 1153 3963 male
1170 3908 1241 3962 intes
1256 3926 1286 3962 se

203 3976 293 4100 adepti
312 3985 351 4097 bet
377 3978 490 4031 enimsti
519 3980 641 4031 fuerunt:
670 3976 742 4031 unde
767 3995 837 4051 quse
862 3989 955 4032 exorta
981 3979 1037 4034 sint
1053 3982 1126 4034 inter
1142 3996 1198 4044 eos,
1218 3979 1287 4034 inira

205 4064 238 4103 ex
269 4061 311 4109 scs
331 4064 356 4099 ο.
591 4064 594 4075 ·

238 4066 325 4173 pDie
342 4124 440 4190 quarto
458 4116 584 4172 Octobris
602 4118 722 4172 eiusdem
749 4119 816 4173 anni
838 4118 874 4172 ab
894 4119 1074 4190 imperatore,
1091 4119 1201 4177 domino
1218 4139 1286 4189 mee,
