2675 4584
188 219 245 282 un
262 213 625 284 urrssttoutcnust
654 217 819 287 axcroro
834 219 1060 287 nantario.
1092 193 1175 282 525

74 369 176 453 γοῦν,
184 361 282 448 οἶμαι,
291 362 411 430 cariffi
420 361 600 452 Μεοράτης
609 369 765 451 ἐσκέψατο
773 371 828 434 κοΐ
836 364 1019 438 τοῦθὀῦτω
1028 373 1175 456 γενέσθαι

80 470 291 551 προσέταξεν,
311 467 351 530 ἵν’
371 462 550 550 α’σφάλειαν
569 466 590 551 ἦ
610 466 701 544 πόλις
725 467 781 556 ἔχη
807 474 861 536 καί
879 469 1026 557 φυλακην
1046 474 1174 556 α’κριβε-

73 567 201 652 στέραν
219 568 254 630 ἐκ
272 562 398 646 τοῦτου,
422 564 577 646 παράλιος
596 560 678 634 uiro
697 570 752 632 καί
769 566 823 632 διά
835 571 929 634 τοῦτο
950 572 1083 656 δεομένη
1094 576 1171 638 πολ·
1285 585 1291 596 “

73 672 150 733 loir
167 661 379 745 ἐνοικούντων,
401 664 456 728 καί
473 667 526 729 ἵνα
543 665 601 749 την
620 666 741 752 οἶγοριλν
764 666 949 754 πλήθουσαν
967 666 1087 752 ἔχουσα
1107 669 1171 736 ταῖν

32 769 188 840 5οόνιλον
213 762 358 830 ἁπάντων
383 765 428 838 εἰς
455 755 555 848 αότῆν
582 766 847 847 εἰσκομιζομένων
863 764 984 844 πάντας
1001 769 1073 856 ἕλκη
1092 774 1167 855 παρ’

70 861 191 953 ἑαυτῇ,
213 865 436 947 πραγματειῶν
447 863 504 928 καί
514 862 780 948 συναλλαγμάτων
793 865 940 932 ἁπάντων
952 869 1165 950 μεταδιδοῦσα
1171 879 1224 936 368

71 973 150 1040 τοῖς
168 961 323 1049 χρῄζουσι
345 962 401 1024 καὶ
418 952 535 1045 ἓαυτὴν
555 959 676 1050 ῥηιδίως
694 966 916 1042 πλουτίζοντα.

164 1060 225 1126 κα’.
273 1056 397 1125 Τούτων
423 1053 484 1124 οῦν
513 1056 599 1126 οὕτω
625 1060 825 1145 προβάντων,
856 1061 911 1128 κατ’
929 1067 993 1130 τοῖν
1016 1062 1166 1150 Τοόρκων

70 1164 125 1238 εἰς
135 1161 262 1244 χιλίους
276 1157 518 1241 ἀριθμουμένων
527 1155 586 1242 τήν
601 1159 690 1226 πόλιν
702 1160 944 1248 κατειληφότων,
964 1166 1020 1230 καλ
1039 1165 1165 1232 πάντων

14 1292 58 1332 10
71 1262 183 1336 σι’κιλις
204 1262 259 1324 κατ’
281 1255 379 1333 ναοῦς
409 1258 483 1322 desi
510 1259 618 1323 οἰκιοῖν
646 1257 843 1347 εἰληφότων,
874 1263 930 1326 καί
948 1263 1065 1345 α’ναμῐξ
1081 1262 1164 1330 κατά

70 1365 189 1424 πᾶσαν
206 1356 262 1442 την
281 1357 372 1420 πόλιν
392 1353 562 1441 λαχόντωνΙ
575 1356 634 1441 την
651 1355 790 1444 οἴκησιν,
816 1358 836 1445 ἡ
857 1359 947 1436 πόλις
967 1357 1071 1446 ὥσπερ
1091 1365 1161 1428 τινοὶ

67 1455 219 1542 πενθὴρη
237 1457 358 1539 χιτῶνα
370 1453 428 1540 τῆν
440 1456 596 1538 οἷκοσμιόιν
607 1455 817 1542 περιεβάλετο,
837 1462 893 1544 τῆς
913 1461 1111 1543 εὐπρεπείας,
1123 1455 1163 1546 ἧς

69 1551 116 1622 siv
129 1555 222 1641 ἔτυχε
235 1560 291 1640 τῆς
309 1558 407 1638 κακῆς
419 1557 601 1639 συμβουλῆς
611 1555 658 1640 μὴ
671 1553 780 1642 χώραν
792 1553 953 1642 εόροόσης,
967 1561 1163 1646 α’φηρημένη,

70 1657 132 1720 καί
152 1656 207 1721 τόν
217 1649 398 1736 ατολισμόν,
414 1650 451 1718 όν
464 1653 521 1718 οῦκ
533 1657 580 1732 εἰς
592 1653 720 1740 μακράν
739 1653 831 1739 ἔσχεν
848 1649 895 1740 όν,
907 1661 1070 1741 δυστυχῶς
1083 1653 1164 1745 όγαν

15 1760 59 1824 ι5
73 1756 294 1838 ἀποβαλοῦσα,
317 1755 374 1819 καί
392 1755 546 1819 στένουσα
568 1746 634 1820 οἷον
651 1756 721 1837 μετ’
741 1757 879 1840 οἰμωγῆς
898 1750 950 1822 ὅτι
968 1755 1013 1840 μη
1033 1758 1164 1840 σεισμός

70 1851 196 1938 ταύτην
225 1855 405 1936 συνέχωσεν
433 1847 455 1936 ἢ
474 1855 538 1934 πῦρ
566 1851 795 1937 πορανάλωσεν
813 1848 836 1940 ἢ
854 1847 942 1936 ῦδωρ
964 1850 1163 1942 aestuent

70 1953 248 2038 νεφελόθεν
262 1951 357 2036 ῥαγὲν
371 1950 572 2032 συνεκάλυψε
586 1953 641 2016 καὶ
659 1955 842 2018 κατέκλυσε·
882 1959 973 2020 τοῦτο
998 1955 1062 2041 γάρ
1089 1957 1163 2022 οἶκε-

68 2051 229 2136 κτότερον,
251 2053 323 2116 ἐκεῖ
343 2053 395 2116 τοτ’
411 2071 446 2133 γε
470 2052 592 2130 βέλτιον
615 2051 675 2116 τοῦ
700 2051 846 2140 τοιαότην
865 2048 1005 2138 όράσθαι
1035 2052 1070 2119 τό
1087 2056 1162 2140 μηδ’

69 2151 220 2216 ὁπωσοῦν
240 2150 296 2214 ἐπὶ
311 2152 368 2234 γῆς
395 2146 532 2216 ἑστάναι.
588 2146 698 2231 οἱμὲν
719 2143 776 2215 οῦν
807 2153 871 2216 τῶν
889 2147 982 2236 ἱερῶν
1004 2151 1097 2220 οἴκων
1116 2156 1163 2232 εἰς

12 2277 59 2318 20
70 2248 164 2316 κοινά
183 2247 365 2332 καταγάγια
392 2252 683 2333 μετημειφθεισαν,
704 2245 809 2334 οἵσπερ
830 2248 1027 2335 εἰρήκειμεν,
1049 2255 1105 2318 καί
1122 2254 1161 2318 τό

68 2347 266 2434 προφητικὸν
286 2349 394 2428 εἰπεῖν,
415 2349 451 2414 ἐν
466 2352 589 2413 πελέκει
601 2345 657 2413 καὶ
672 2349 862 2436 λαξευτηριίγι
881 2347 921 2414 τά
942 2349 1163 2435 θυσιαστήρια

67 2450 128 2512 τοῦ
148 2453 229 2513 θεοῦ
259 2451 508 2532 κατεβέβληντο·
558 2444 589 2512 οἱ
617 2450 654 2514 δὲ
673 2449 811 2529 λείψανα
837 2449 934 2531 μόνον
954 2451 1011 2514 τοῦ
1032 2448 1159 2533 πράτσυ

68 2546 204 2624 κάλλους
236 2546 416 2612 αὐτῶνκαὶ
441 2550 498 2632 τῆς
519 2550 640 2627 θέσεως
667 2547 898 2640 άποσιόζουσιν,
938 2545 1017 2632 ἔντος
1039 2551 1084 2634 δέ,
1104 2553 1161 2616 καί

70 2760 167 2822 fuerat,
187 2757 358 2811 dediderant.
396 2757 475 2810 ambo
493 2758 561 2810 haec
578 2759 681 2828 itaque,
699 2765 731 2809 nt
748 2753 854 2826 opinor,
874 2756 994 2811 Murstcs
1010 2755 1157 2812 meditatus

69 2838 113 2882 est
131 2838 160 2882 et
177 2830 213 2880 ita
232 2829 289 2880 fieri
309 2828 394 2891 iussit,
412 2836 469 2880 tum
487 2837 518 2879 ut
535 2830 679 2880 securitate
698 2835 726 2880 et
747 2828 868 2880 custodia
886 2828 969 2896 magis
987 2827 1042 2878 fida
1062 2828 1157 2882 urbem

66 2899 246 2954 communiret
263 2899 424 2952 maritimam
444 2899 562 2966 ideoque
583 2898 676 2949 multis
704 2905 827 2964 egentem
851 2897 1070 2961 habitatoribus,
1098 2908 1156 2952 tunt

67 2979 102 3023 ut
119 2971 178 3022 foro
195 2969 316 3020 omniurn
334 2983 422 3020 rerum
440 2967 607 3020 abundantia
624 2968 838 3032 circumflueret,
857 2968 997 3022 venalibus
1012 2969 1158 3038 undequa-

66 3059 123 3111 que
138 3040 288 3101 convectis,
307 3055 400 3091 omnes
417 3037 480 3090 urbs
499 3037 534 3090 ad
559 3055 588 3092 se
606 3037 735 3101 traheret,
755 3048 783 3090 et
799 3040 957 3092 mercaturis
974 3041 1156 3092 commerciis-

67 3129 123 3182 que
143 3110 260 3161 diversas
283 3111 407 3162 arbones
432 3108 587 3178 indigentes
613 3113 788 3164 commiscent
811 3125 846 3162 es
862 3109 938 3163 sacili
956 3110 1015 3180 ipsa
1033 3110 1154 3163 collocu-

66 3183 171 3254 pletata
189 3179 340 3232 ditesceret.
941 3213 944 3218 -
1134 3237 1137 3247 ¹

136 3267 181 3302 ar.
216 3251 264 3302 His
282 3252 376 3322 itaque
404 3249 457 3301 boc
485 3248 568 3301 modo
593 3250 720 3318 digestis,
746 3266 806 3302 curn
823 3250 926 3306 Turcne
944 3249 1020 3304 tuille
1038 3250 1151 3304 unmer'o

66 3322 202 3374 civitatem
236 3329 413 3391 occupassent
444 3327 474 3372 et
506 3321 626 3373 omniurn
653 3320 747 3374 domos
774 3337 805 3374 ac
830 3323 933 3390 templa
959 3338 1008 3390 pro
1041 3319 1152 3374 habite-

66 3395 143 3446 tione
162 3393 339 3461 accepissent,
364 3407 415 3442 nec
437 3407 493 3442 non
537 3392 668 3444 romiscue
690 3408 740 3462 per
760 3393 911 3444 universam
935 3392 1030 3444 urbem
1057 3392 1150 3446 sedern

67 3465 208 3524 locassent,
226 3463 327 3524 civitas,
346 3463 430 3514 veluti
450 3408 559 3530 lugubri
574 3463 683 3526 amictu,
702 3462 863 3514 confusione
877 3469 959 3532 atque
977 3463 1150 3516 immunditia

68 3533 263 3586 circumvestita
280 3541 336 3596 est,
353 3549 403 3583 suo
425 3531 540 3594 decore,
567 3551 647 3603 quem
665 3534 761 3602 utique
780 3541 923 3586 consecuta
941 3531 1036 3584 inisset
1053 3535 1076 3584 si
1094 3551 1152 3586 tna·

68 3605 123 3655 lom
141 3605 285 3656 consilium
306 3604 395 3654 locum
414 3621 470 3655 non
488 3602 641 3666 habuisset,
667 3604 801 3672 spoliata,
822 3611 973 3668 stomata,
996 3617 1076 3672 quern
1093 3621 1150 3660 nott

68 3677 150 3727 mrrtto
180 3683 243 3744 post
260 3673 438 3744 possedisset,
462 3673 572 3736 orbata,
597 3682 626 3726 et
649 3691 704 3726 uon
724 3673 782 3724 siue
800 3675 901 3742 gemitu
919 3675 1055 3742 suspirans
1075 3675 1150 3746 qood

69 3755 114 3797 aut
130 3753 216 3798 terrae
243 3753 334 3798 motus
360 3762 415 3796 uon
438 3743 625 3806 absorbuerit,
653 3752 702 3795 stit
722 3744 791 3812 ignis
815 3761 871 3796 non
895 3742 1082 3814 absumpserit,
1101 3753 1150 3798 aut

70 3833 137 3886 aqua
154 3815 280 3867 alicunde
305 3831 449 3884 erumpens
471 3815 515 3866 vei
531 3831 555 3865 .e
572 3813 691 3866 nubibus
713 3813 840 3866 decidens
859 3829 916 3866 non
929 3817 1100 3885 cooperuerit
1120 3825 1151 3869 et

70 3885 254 3939 inundaverit:
274 3887 325 3938 hoc
345 3888 417 3938 enim
436 3885 608 3938 tolerabilius
627 3884 738 3948 suisset,
758 3885 868 3955 quando
886 3887 972 3936 multo
991 3888 1087 3938 melius
1108 3896 1149 3940 est

69 3974 126 4009 eam
142 3972 274 4024 nusquam
303 3965 407 4009 exstare
435 3973 515 4077 :pram
534 3956 587 4006 hoc
604 3955 685 4007 modo
702 3957 773 4007 visui
790 3955 928 4008 hominurn
947 3955 1038 4008 obiici.
1074 3973 1147 4010 sacre

70 4025 147 4098 igitur
164 4029 265 4096 tempta
276 4028 304 4079 iu
315 4027 425 4095 publica
457 4027 582 4079 iversoria
592 4027 732 4079 immrrraca
746 4035 817 4088 sunt,
836 4033 867 4078 ut
883 4036 1081 4096 pra-enarratum
1097 4035 1146 4090 est,

70 4109 96 4153 et
115 4106 144 4152 ut
161 4113 222 4150 cnm
239 4097 373 4170 propbeta
391 4099 496 4172 loquer,
512 4097 642 4151 insecuri
661 4105 690 4151 et
706 4097 779 4152 secia
795 4097 840 4154 elei
857 4098 1044 4171 propitiatoria
1062 4095 1148 4152 disto·
