2675 4584
399 279 473 342 nm
496 283 548 342 ιτ.
580 277 669 344 car.
689 283 755 344 xv.
903 221 905 228 ,
1028 249 1110 368 387

21 425 152 515 osisisop
172 425 270 493 ἔδωκε
287 431 371 511 τάχα
383 426 453 495 τινά
472 426 606 511 κάοτρα,
629 425 745 512 άπερδ
765 431 893 514 άμηριῖς
912 430 946 494 ἐν
968 435 1007 519 τῇ
1015 431 1116 496 Mud-

21 552 85 614 σνρι
107 531 246 612 κέκτητο.
268 528 370 616 Μαιλρ
390 531 427 593 δέ
447 527 483 590 ιε’
503 530 563 592 κου’
581 527 682 592 αότοό
712 525 801 605 ἔτους
825 527 842 590 δ
864 529 992 612 α’μηρᾶς
1010 555 1114 614 παρα-

20 629 150 710 γέγονεν
170 627 215 700 εἰς
233 623 292 710 τήν
304 626 557 710 Πελοπόννησον,
580 628 637 690 κατ’
654 627 701 702 εἰς
720 625 777 711 τήν
790 626 950 711 Κόρινθον
971 631 1114 694 succisi·
1208 645 1212 654 “

21 743 93 806 ψας
113 723 251 807 στρατόν
269 724 518 808 περιεκόκλωοεν
536 723 840 811 αότήνπολιορκιόν·
885 725 984 802 υότδς
1004 731 1040 794 δὲ
1063 731 1117 794 ἐλ-

0 821 97 893 ιθιόν
115 827 150 888 ἐν
169 828 214 910 τῷ
231 826 320 912 μέσην
338 826 396 890 τοῦ
412 822 512 889 τόπου
531 823 587 889 κατ’
594 820 709 890 πάντα
735 823 776 888 τά
799 823 899 890 ἐκεῖσε
918 827 957 890 τά
978 830 1038 908 μὲν
1056 830 1117 916 η’χ·

22 925 216 1006 μαλάτευοε
243 921 285 988 τό
302 925 340 988 δὲ
367 923 504 1008 ἠφάνισε
530 922 586 988 καί
612 927 782 1008 ἐνέπρησε,
815 926 980 1006 ἐξαιρέτως
1002 928 1038 990 δὲ
1059 925 1118 1010 τήν
1206 943 1209 950 ’

16 1017 189 1105 Ἆκωβαν,
210 1019 265 1086 τόν
281 1019 390 1087 ’Λετόν
419 1026 475 1087 sui
491 1021 530 1086 τό
551 1024 775 1106 Πενταχυριέι.
817 1023 964 1089 κάκεῖθεν
981 1022 1144 1102 §iudicioli
1246 1057 1250 1066 ·

24 1121 105 1186 κατό
128 1124 187 1186 τοῦ
209 1125 360 1204 Mogaios
382 1118 565 1206 ἐπέδραμεν,
596 1124 650 1187 κατ’
669 1119 689 1186 ό
706 1119 777 1188 ’τότε
797 1124 899 1188 ἐκεῖσε
920 1121 1118 1206 ἡγεμονεύων

24 1219 144 1286 ἔδωκεν
165 1217 242 1286 αότό
262 1224 331 1301 μετ’
350 1221 477 1306 εἰρήνης
496 1222 541 1307 τῷ
561 1223 681 1309 άμηρᾷ,
704 1221 722 1284 ό
743 1221 964 1306 καλοκαγαθός
985 1219 1119 1308 Ἀσάνης

6 1317 222 1405 ,Δημήτριος
270 1322 327 1384 κατ’
351 1323 395 1408 τῷ
412 1320 533 1408 Ἰουλίῳ
558 1318 638 1405 μηνδ
655 1322 714 1385 τοῦ
742 1315 841 1386 αότοό
864 1318 954 1397 ἔτους
973 1323 1120 1389 κάκεῖθεν

26 1418 124 1483 πάλιν
144 1421 341 1500 ἐπιστρέψας
361 1419 379 1481 δ
399 1417 527 1502 α’μηροῖς
554 1423 601 1494 εἰς
620 1417 785 1505 Κόρινθον
804 1415 924 1501 ἔπεσεν,
945 1418 985 1505 ἢν
1005 1417 1043 1506 δή
1067 1423 1124 1486 κατ’
1191 1463 1203 1474 -

28 1517 207 1582 δεδώκασιν
237 1519 326 1605 crispi
347 1514 377 1582 oi
405 1525 543 1600 γενναῖοι
560 1511 714 1602 ἄρχοντες
733 1510 809 1582 ἄνευ
831 1517 1010 1602 άντιλογιάς
1030 1517 1121 1602 τινός,

29 1615 206 1700 δἈσάνης
224 1619 402 1690 Ματθαῖος
422 1619 518 1698 λέγω,
547 1615 565 1681 ό
594 1614 847 1702 γυναικάδελφος
876 1619 934 1682 τοῦ
966 1617 1122 1685 δεσπότου

27 1716 91 1798 κόρ
103 1717 302 1800 Δημητρίου,
325 1713 397 1791 υἱός
417 1717 454 1780 δέ
467 1713 605 1780 Παόλου
627 1717 688 1780 susi
705 1715 833 1802 Ἀσάνη,
855 1715 890 1782 τό
911 1715 1049 1784 παλαιόν
1068 1719 1126 1783 καλ

30 1820 102 1882 νέον
131 1815 245 1895 κακόν,
270 1811 363 1880 καδό
392 1811 563 1898 Λουκάνης
584 1815 779 1900 Νικηφόρος.
831 1819 936 1898 γέγονε
962 1818 999 1881 δέ
1026 1820 1123 1881 τοῦτο

31 1921 66 1982 ἐν
92 1911 172 1999 μηνδ
183 1910 360 2002 Αδγοόστηι
376 1917 418 2000 τῇ
438 1912 476 1988 ς’.
517 1907 562 1977 τόν
591 1912 610 1976 ό
633 1917 694 1995 μὲν
713 1908 759 1988 εἷς
778 1913 964 1998 ἡγεμόνευεν
981 1917 1016 1980 ἐν
1034 1913 1124 2003 οὔτῇ,

31 2015 76 2090 οὖς
98 2013 143 2098 μή
166 2005 298 2099 ὤφελεν,
324 2012 342 2076 ό
363 2015 399 2077 δὲ
415 2010 552 2098 Ἀσόνης
572 2005 612 2095 ἦν
640 2015 875 2094 α’πεσταλμένος
892 2016 1016 2102 σπουδῇ
1035 2014 1124 2100 παρὰ

30 2119 92 2181 τοῦ
113 2111 263 2178 δεσπότου
284 2115 319 2177 ἐν
336 2115 426 2199 asisii,
445 2108 530 2188 ὅπως
548 2115 764 2196 χρηστοτέρας
788 2112 912 2200 φυλάξη
930 2110 989 2198 τήν
1011 2112 1123 2178 πόλιν·

31 2218 173 2288 κάκεῑνος
198 2213 235 2278 δὲ
250 2215 495 2294 συντομωτέρως
514 2213 699 2295 παρέδωκεν
718 2210 829 2294 ου’τήν.
880 2209 936 2276 κατ’
946 2207 1014 2276 'osis
1035 2209 1123 2276 οἴδα·

5 2337 83 2380 οσιν
106 2309 155 2377 ότι
183 2312 215 2376 εἰ
232 2309 288 2376 κατ’
317 2309 375 2394 τήν
403 2307 568 2394 Κόρινθον
595 2307 739 2389 ἔδοσαν,
770 2307 866 2394 δήλόν
894 2313 961 2375 ἐστι
985 2307 1063 2375 κατά
1083 2307 1123 2375 τά

31 2416 206 2496 πράγματα
232 2404 285 2476 ότι
313 2392 420 2493 όσπτρ
448 2405 572 2494 κεφαλή
594 2410 629 2474 ἐν
648 2413 691 2498 τῷ
711 2405 853 2492 σάματι,
874 2404 1124 2494 τοιουτοτρόπως

31 2515 88 2578 καί
107 2513 140 2577 ἐν
160 2513 201 2599 τῇ
220 2505 452 2595 Πελοποννήσῳ
478 2503 537 2594 ήδε
565 2505 585 2592 ή
613 2504 704 2584 πόλις
723 2501 798 2590 εἶχε.
841 2507 925 2590 τάχα
946 2513 1001 2572 καί
1021 2505 1124 2592 όρκοο·

30 2613 143 2694 μοτικά
167 2609 291 2696 εἰρήνης
314 2605 503 2692 πεποιήκασι
520 2603 600 2688 μετά
627 2605 859 2689 καταστάσεως,
881 2601 931 2671 ότι
951 2605 1044 2672 said
1069 2608 1122 2674 δε-

101 2791 183 2940 ²pipeti
196 2787 302 2918 ιχίατινιή
318 2793 427 2864 κάστριι
443 2793 492 2916 Ιὲε
520 2791 692 2914 ιηιποστάιιλ)
763 2807 788 2862 7·
808 2791 1022 2866 πεντεχελριτιΡ
1091 2791 1117 2846 8.

99 2893 103 2898 ’
159 2884 192 2918 οκ
225 2883 258 2920 ου
386 2879 428 2915 aa.
458 2880 504 2932 χι

36 3028 161 3082 torobum
182 3034 211 3080 et
228 3027 316 3079 iocum
335 3025 428 3076 alium.
465 3022 575 3091 reginae
593 3018 703 3073 castella
722 3017 854 3091 quaedam
873 3021 936 3074 data
955 3029 1027 3085 sunt,
1048 3038 1118 3094 quae

34 3116 136 3151 amerss
155 3099 184 3151 in
202 3101 288 3150 Bosna
307 3093 435 3146 habebat.
470 3093 537 3144 Maii
554 3091 599 3144 die
621 3093 651 3143 15
672 3091 793 3144 eiusdem
811 3092 876 3144 muni
899 3107 1000 3144 amerus
1020 3092 1047 3142 iu
1067 3093 1119 3144 Pe-

34 3172 213 3241 ioponnesurn
228 3168 316 3230 seuit,
342 3175 371 3218 et
387 3163 562 3226 Corinthum,
589 3163 710 3215 exercitu
737 3162 840 3225 relicto,
857 3163 1007 3232 oppugnari
1030 3161 1117 3224 iussit,

33 3231 1118 3376 ittattsi‘itit‘itttz‘ittt‘itit”ii-‚titiitist‘itti

34 3383 99 3436 inde
115 3396 270 3453 progressus
280 3343 598 3438 Mochiiurn'incnrsssit,
617 3391 698 3446 quarn
716 3341 810 3426 ur’bem
822 3374 934 3445 pacifice
947 3375 988 3427 ilii
1006 3373 1119 3427 tradidit

35 3457 91 3507 eius
109 3462 165 3506 turn
182 3452 333 3523 praefectus
352 3450 469 3518 optimus
479 3447 630 3499 Demetrius
648 3446 758 3498 Assues.
794 3447 865 3497 iulio
882 3462 974 3497 mense
991 3444 1055 3496 iude
1075 3461 1119 3496 se·
1167 3446 1172 3470 ¹

34 3542 125 3577 sersus
142 3523 300 3576 Corinthum
318 3519 426 3571 adortus
447 3525 496 3580 est,
512 3533 591 3588 quum
605 3514 680 3568 haud
694 3524 852 3568 cunctanter
870 3517 895 3567 ei
916 3515 1049 3568 dederunt
1067 3515 1119 3566 dn·

35 3614 79 3648 ces
96 3594 253 3657 fortissimi,
271 3589 424 3645 Matthaeus
443 3589 566 3652 Assuesy
586 3586 671 3639 irater
698 3587 786 3640 uxoris
810 3587 942 3640 Demetrii
970 3586 1117 3657 siespotae,

34 3669 106 3718 iiiins
122 3666 199 3718 Pauii
217 3665 321 3726 Asunis,
338 3659 413 3732 qnod
435 3669 512 3711 vetus
532 3667 561 3711 et
578 3672 671 3710 recens
696 3657 795 3708 muium
813 3658 881 3720 suit,
902 3666 931 3710 et
947 3655 1117 3726 Nicephorum

35 3739 163 3801 Lucanos,
181 3737 279 3788 mensis
298 3731 410 3800 Augusti
430 3731 475 3781 dis
493 3737 586 3791 sexto,
603 3743 719 3798 qnorum
739 3729 808 3778 sites
827 3729 931 3780 utinum
948 3741 983 3779 ns
1002 3727 1117 3779 admini-

34 3815 144 3862 strasset
161 3807 270 3869 urbem,
295 3819 376 3875 qnam
398 3799 618 3862 administrabat,
637 3798 720 3861 ulter,
746 3799 863 3862 λεεωεν,
886 3798 977 3851 dedita
997 3815 1079 3869 opera
1099 3813 1116 3848 a

35 3880 148 3949 despota
160 3881 256 3931 missus
273 3875 307 3927 sd
334 3873 493 3942 diligentius
521 3887 579 3922 eam
597 3867 742 3932 tuendum,
760 3869 839 3920 etiam
859 3870 936 3921 citius
955 3887 1013 3920 eam
1031 3869 1116 3921 trudi-

35 3951 85 4002 dit.
103 3949 172 4002 adeo
191 3947 358 4008 nesciebant,
376 3961 459 4016 quum
476 3939 636 3994 Corinthum
663 3939 815 4002 traderent,
831 3941 925 3992 urbem
945 3957 974 3992 se
991 3939 1116 4004 tradere,

34 4038 112 4092 quae,
129 4022 152 4073 si
169 4037 225 4071 rem
245 4019 384 4070 aestimare
401 4015 480 4076 velis,
497 4015 527 4066 in
548 4012 734 4081 Peloponneso
751 4010 781 4062 id
799 4019 877 4074 esset,
895 4011 968 4082 quud
985 4019 1068 4081 caput
1085 4011 1116 4062 in

35 4107 147 4162 corpore
165 4099 213 4142 est.
232 4106 294 4140 mox
312 4089 392 4140 stiam
411 4085 563 4156 pactionem
580 4098 640 4135 cum
658 4091 825 4134 sacramento
846 4083 976 4146 iecerunt,
992 4091 1023 4134 ut
1039 4079 1117 4134 Thu·

35 4181 90 4217 mss
107 4161 220 4235 despota
238 4161 341 4215 Petram
358 4175 419 4211 cum
436 4157 505 4211 iocis
522 4151 709 4208 ediscentibus
726 4152 860 4224 truderet5
878 4161 1017 4226 praeterea
1035 4149 1115 4204 Cais-
