2675 4584
408 272 483 333 un
506 272 559 331 ιιι.
586 268 676 333 car.
696 274 748 333 u.
1057 246 1137 329 261

48 420 132 491 τινὲς
148 414 177 479 οἱ
193 416 237 501 μη
252 415 419 498 δυνάμενοι
430 418 595 499 μάχεσθαι
611 417 664 482 διά
679 423 779 502 γῆρας
793 412 815 503 ἦ
824 422 876 485 Ιδι’
896 417 1009 503 ἕτερον
1028 422 1143 503 αι’τιαν,

50 516 128 591 τοῦς
142 509 256 597 ῦρτους
268 518 322 580 κατ’
334 520 398 581 πᾶν
410 518 571 601 βρώσιμον
586 521 780 603 διαμεριζειν
792 522 827 585 εἰι
844 527 910 595 τοῖς
929 519 1024 598 οἴκοις
1044 520 1100 587 κατ’
1109 524 1145 587 ἐν

49 625 116 689 τοῖς
136 611 267 698 πῦργοις
288 612 366 679 κατά
386 615 442 699 την
462 613 632 699 α’ναλογιαν
652 614 721 694 ἐνὸς
741 614 883 684 ἑκάστου.
903 619 959 684 κατ’
970 618 988 684 ῦ
1008 619 1144 702 πόλεμος

50 714 176 798 ἡμέραν
185 718 258 778 καθ’
279 713 401 799 ἡμέραν
419 708 532 799 ηῦξανε
546 716 600 779 διά
614 715 649 779 τὸ
667 722 739 781 καθ’
759 711 891 803 ἑκάστην
902 721 948 795 εἰς
960 717 1033 794 τοῦς
1053 724 1142 785 ἐναν-

24 816 140 888 :iubare
162 814 197 877 ἐκ
218 816 276 877 τοῦ
296 817 349 895 τῆς
379 813 486 888 Ἀσιας
510 817 658 893 κλίματος
690 819 759 891 νέος
785 818 923 899 στρατὸς
944 820 982 881 οῦ
1004 820 1143 883 διέλιπεν

50 910 230 993 ἔρχεσθαι·
251 912 289 978 τά
305 915 340 979 δὲ
354 912 488 995 ἡμέτερα
502 909 702 995 άλιγάστεοον
715 918 770 979 καί
783 917 1014 999 ἐταπεινοῦντο,
1035 913 1142 1001 ιῦσπερ

51 1009 172 1095 σελήνη
192 1011 394 1097 λειψιζουιτος,
422 1012 476 1076 διά
498 1012 553 1077 τόν
575 1013 793 1097 καθημερινὸν
811 1012 960 1081 θάνατον.
1003 1021 1085 1093 τινὲς
1106 1020 1142 1083 δὲ

51 1113 91 1173 ἐκ
121 1111 185 1175 τών
204 1110 365 1195 ἡμετέρων
385 1105 526 1187 ἀπειθεῖς
554 1115 609 1176 καί
629 1113 840 1197 άπάνθρωποι
864 1113 905 1178 τά
925 1115 1015 1198 ἡμῶν
1032 1140 1144 1179 ταπει-

53 1212 195 1273 νοῦσθαι
215 1212 387 1290 βλέποντες,
411 1210 558 1292 εῦράντες
579 1208 632 1275 τὸν
646 1210 758 1294 καιρὸν
773 1216 819 1288 εἰς
838 1211 895 1289 τάς
914 1214 1053 1299 πονηράς
1073 1216 1144 1297 σ’ρὲ·

5 1314 132 1385 ιοξεις,
165 1310 291 1385 στάσεις
319 1309 375 1374 καί
402 1312 637 1386 α’κσταστασιάς
661 1315 735 1375 καθ’
765 1312 887 1397 ἡμέραν
912 1316 1061 1395 inuritur,
1090 1320 1148 1379 κατ’

54 1402 168 1493 ῦβρεις
188 1411 242 1472 καί
260 1407 419 1493 λοιδορίας
437 1409 481 1481 εἰς
502 1407 561 1484 τάς
581 1415 731 1486 πλατείας
750 1412 806 1475 καί
824 1410 929 1497 ῥύμας
949 1416 1004 1496 τῆς
1025 1413 1145 1489 πόλεως

53 1505 134 1571 κατά
155 1510 211 1572 τοῦ
228 1510 404 1589 δυστυχοῦς
426 1512 581 1588 βασιλέως
602 1508 656 1573 καί
678 1512 743 1573 τών
759 1506 875 1594 ἑτέρων
895 1508 1059 1593 α’ρχόντοιν
1078 1515 1145 1589 ἐξέ-

52 1630 131 1689 χεαν
159 1608 194 1671 εἰι
219 1610 277 1670 τοῦ
302 1610 424 1687 μιαροῦ
454 1607 562 1671 αῦτών
592 1610 766 1692 λάρυγγος,
797 1612 877 1693 μήτε
901 1608 956 1676 τόν
987 1608 1064 1675 θεάν
1084 1634 1145 1696 φο-

53 1705 208 1787 βούμενοι
239 1701 318 1787 μήτε
347 1703 403 1769 cdv
437 1703 577 1788 βασιλέώ
612 1701 633 1791 ἢ
662 1706 736 1784 τοῦς
771 1709 960 1793 ἀνθρώπους
998 1708 1144 1793 ε’ντρεπά·

8 1808 46 1869 ι5
54 1826 156 1886 μενοι.
199 1802 294 1879 αῦτῦς
322 1806 358 1868 dd
376 1803 402 1888 [d
424 1806 688 1891 τρισμακάριστος
717 1802 752 1872 τά
775 1811 835 1871 τοῦ
853 1812 960 1891 Aufidi
975 1808 1072 1892 ῥητὸν
1087 1836 1144 1891 μι.

53 1902 213 1985 μοῦμενος
234 1903 269 1968 τά
288 1901 377 1987 “ε’γώ
396 1906 431 1969 δὲ
455 1903 534 1969 ώσεί
552 1905 659 1992 κωφὸς
681 1906 738 1969 οῦκ
759 1900 872 1991 ἢκουον
894 1906 949 1971 καὶ
968 1904 1046 1973 doec*
1064 1903 1145 1972 άλα.

55 2010 111 2077 λος
134 2001 295 2087 ἐγενόμην,
316 2004 370 2067 κατ’
392 2005 543 2089 ἐγενόμην
568 2005 646 2069 ώσεί
667 1999 838 2090 άνθροιπος
865 2006 922 2070 οῦκ
946 2004 1070 2071 άκοῦιιν
1090 2010 1146 2073 καί

55 2102 116 2165 οῦκ
136 2099 220 2183 ἔχων
242 2105 278 2167 ἑν
297 2105 342 2188 τῷ
361 2100 498 2183 στόματι
520 2100 622 2168 αῦτοῦ
641 2105 803 2187 ε’λεγμυῦς,
826 2099 874 2171 δτι
895 2103 926 2169 οἱ
946 2109 1064 2189 ἐχθροί
1075 2131 1144 2194 μου

56 2202 136 2281 ζώσι
167 2198 221 2265 καὶ
248 2202 495 2285 κεκραταάισνται
531 2202 611 2286 ῦπδρ
642 2206 718 2285 ἐμέ,
759 2200 809 2269 ῦτι
837 2202 1085 2290 ε’πληθῦνθησαν
1112 2202 1144 2270 οἳ

6 2302 223 2382 τομισοῦντὲς
251 2322 293 2381 με
330 2294 495 2375 άδιλιαις.”.
528 2302 583 2365 καί
612 2305 693 2376 τινὲς
719 2306 779 2383 μὲν
811 2299 1032 2387 προσήρχοντο
1057 2304 1145 2391 αῦτρῖ

54 2400 197 2482 λέγοντες
217 2393 268 2462 δτι
289 2396 307 2461 δ
326 2399 413 2463 δεῖνα
435 2402 491 2465 καί
519 2399 642 2465 ῦδεῖνα
668 2400 743 2466 τάδε
765 2398 848 2488 ἔφη·
889 2406 982 2467 τινών
1001 2404 1037 2467 δὲ
1055 2424 1145 2486 περι-

54 2498 168 2563 πατών
186 2490 293 2581 ἤκουε.
345 2502 401 2563 καί
430 2500 464 2563 ἐν
496 2498 572 2583 ἡμῖν
594 2502 764 2587 ἐπληρώθη
784 2499 820 2565 τὸ
841 2500 936 2587 ῥητόν
958 2500 993 2566 τά
1023 2499 1144 2587 φάσκον

129 2667 156 2720 9.
175 2650 223 2702 eui
248 2645 395 2719 εὐκαιρίαν
417 2649 545 2724 εὑρόντες
569 2643 640 2703 κατά
668 2644 719 2711 τάς
736 2647 864 2721 πονηράς
887 2648 981 2703 αὐτῶν
1005 2649 1144 2721 δρέξειςΡ

134 2723 174 2773 ι5.
192 2720 331 2792 μακάριος
348 2720 367 2771 i>
474 2723 512 2773 13.
533 2720 647 2785 ἅλαλος,
673 2720 726 2778 οῦκ
743 2719 868 2794 ἀνοίγων
884 2717 915 2776 τὸ
935 2720 1026 2795 στόμα
1047 2719 1142 2775 αὐτοῦ.

128 2794 180 2845 eut
197 2794 332 2863 ἐγενόμην
350 2790 370 2841 P

56 2936 167 2998 beraut,
186 2934 260 3005 quod
278 2934 391 2987 ederent
400 2942 447 2987 aut
466 2934 601 2999 biberent,
621 2936 760 2989 neciiberi
778 2953 829 2989 nec
844 2952 950 2998 ιιιοτει,
968 2935 1054 2987 itare
1073 2934 1144 3003 egia-

56 3024 97 3059 ee.
115 3006 167 3057 hoc
185 3005 295 3069 audito,
316 3008 462 3076 imperator
482 3009 636 3073 constituit,
662 3017 693 3061 ut
710 3008 846 3079 quotquot
864 3015 1004 3059 aenectute
1025 3006 1069 3057 vei
1088 3005 1145 3056 aiia

56 3094 89 3129 re
111 3076 322 3146 impedirentur,
350 3094 385 3129 ne
406 3086 563 3146 pugnarent,
581 3080 615 3129 iia
633 3096 684 3148 pro
710 3081 826 3131 euiuevir
843 3078 1002 3131 conditione
1023 3076 1099 3145 pauiu
1116 3082 1146 3127 et

58 3148 184 3217 reliqum
202 3147 277 3199 cibua
297 3165 346 3217 per
372 3148 451 3199 aeder
477 3158 504 3200 et
520 3158 606 3200 turrea
635 3150 849 3202 distribueretur.
868 3151 975 3201 interim
994 3147 1097 3198 betium
1115 3144 1146 3195 in

58 3218 119 3270 dies
140 3218 354 3286 ingravescebat,
372 3236 454 3291 quum
473 3220 508 3271 ad
525 3219 616 3271 hostes
641 3238 674 3272 ex
690 3222 754 3273 Asia
771 3219 895 3291 quotidie
912 3227 1034 3271 recenter
1050 3216 1150 3286 copiae

57 3290 248 3352 adventarent,
267 3298 374 3342 nostrae
391 3299 481 3341 autem
500 3307 541 3342 rea
560 3292 639 3343 tunae
657 3291 835 3343 decrescentia
852 3292 937 3343 instar
955 3291 1147 3342 imminueran-
1184 3279 1191 3297 ““
1293 3289 1296 3296 ’

57 3370 105 3413 tur
124 3368 153 3411 et
181 3368 391 3412 extenuarentur
433 3361 573 3413 uotidiana
599 3362 690 3413 caede.
716 3364 826 3432 imupar
843 3362 955 3431 quidam
972 3360 1007 3410 de
1027 3358 1146 3418 noceria,

58 3440 234 3483 contumaces
254 3439 283 3483 et
301 3378 555 3493 serocesdmmiuea,
574 3449 655 3501 quum
674 3451 723 3485 noa
743 3435 773 3485 in
792 3434 929 3500 angustias
947 3429 1045 3482 adduci
1066 3426 1148 3479 eide-

58 3510 140 3564 rent,
166 3502 297 3570 pervenit
326 3502 380 3553 auia
401 3502 596 3572 cupiditatibus
614 3505 781 3556 occasionem
807 3504 888 3565 nacti,
903 3498 1148 3571 perpetueturbaa

59 3580 93 3625 et
116 3570 266 3623 reditiones
289 3570 459 3636 excitabant,
484 3582 512 3625 et
537 3590 583 3623 ore
610 3574 725 3626 scelesto
746 3590 794 3643 per
815 3573 920 3642 plateae
939 3582 967 3623 et
983 3572 1055 3623 vicos
1073 3568 1149 3620 urbia

59 3641 209 3695 maledicta
228 3652 256 3696 et
272 3644 448 3695 contumeliae
465 3643 497 3694 iu
511 3645 700 3713 imperatorem
719 3653 747 3695 et
767 3643 887 3711 reliquor
906 3642 1041 3712 principer
1059 3640 1148 3691 eonii-

59 3713 181 3775 ciebant,
199 3730 249 3765 uec
270 3712 350 3764 deum
379 3730 429 3765 uec
450 3715 637 3782 imperatorem
663 3716 707 3768 vel
732 3714 856 3766 homiuea
872 3714 961 3764 veriti.
986 3720 1015 3763 at
1038 3711 1088 3763 iiie
1105 3718 1149 3762 tar

59 3785 159 3836 beaturi
175 3784 217 3835 vir
242 3783 352 3835 Davidia
377 3784 480 3835 dictum
505 3784 662 3836 imitabatur
682 3782 751 3851 “ego
777 3793 866 3835 autem
891 3784 962 3834 sicut
981 3781 1076 3833 surdae
1091 3798 1149 3833 non

59 3854 223 3917 audiebam,
252 3862 282 3905 et
300 3863 425 3925 tauquam
443 3862 533 3906 mutua
555 3872 643 3917 eram,
665 3856 805 3923 sectusque
825 3872 882 3905 earm
902 3854 971 3905 aicut
989 3853 1070 3905 homo
1089 3868 1148 3903 non

58 3925 178 3978 audiena
196 3941 248 3977 nec
267 3924 369 3977 habens
387 3926 416 3977 in
434 3940 480 3976 ora
492 3924 703 3993 redargutiones,
720 3927 847 3997 quoniam
867 3924 967 3976 inimici
984 3925 1037 3977 mei
1053 3924 1150 3973 vivunt

60 4006 90 4049 et
111 3996 322 4065 praevaluerunt
346 4013 428 4066 cuper
451 4012 494 4047 me
511 4004 539 4048 et
565 3997 611 4065 qui
630 3996 730 4047 iniuria
746 4013 789 4047 me
815 3994 948 4058 oderunt,
975 3990 1152 4064 multiplicati

60 4064 151 4119 sunt?
173 4075 201 4119 et
219 4065 332 4118 adibant
356 4082 437 4129 eum,
456 4066 503 4137 qui
527 4074 678 4130 narrarent,
698 4066 770 4119 bunc
787 4066 832 4117 vei
849 4067 927 4118 ilium
947 4066 1014 4118 talia
1031 4064 1066 4115 de
1085 4063 1147 4130 ipso

60 4137 188 4192 effutire:
206 4136 338 4209 quaedam
356 4138 438 4191 etiam
460 4137 626 4210 praeteriens
644 4138 703 4209 ipra
726 4137 863 4191 audiebat.
881 4137 1002 4207 denique
1021 4135 1050 4188 in
1067 4132 1149 4184 nobie
