2675 4584
193 159 220 244 8
507 185 681 250 onoaou
710 181 954 248 missumst-2

190 334 340 402 τῶνουσιν
354 334 559 410 σίιιολτιίιεται
573 330 741 418 συγγνῶμη
756 331 793 396 τύ
814 332 973 416 σιγᾶνιιού
989 331 1091 413 μηδὲν
1110 325 1193 412 sisio
1218 329 1304 392 τῶν

189 437 399 518 γεγενημένων
419 439 632 520 φθέγγεσθαι·
653 429 783 518 εύγενης
798 423 855 496 σύν
871 424 916 496 ῶν
932 431 987 494 aas*
1006 432 1040 507 ἐξ
1062 429 1197 511 εύγενῶν
1224 451 1301 492 κα-

189 531 382 624 ταγόμενος,
404 533 573 614 τιμιῶτατε
594 525 669 617 ῶνερ
680 583 690 613 ,
714 533 825 614 ε’ρωτῶ
842 553 897 608 σε,
918 532 974 595 καί
994 527 1205 612 δηλοσοιήσύν
1224 550 1301 609 μοι

190 631 246 715 την
275 627 440 715 disjicias.
489 636 570 708 τίνες
596 631 779 715 ὑπάρχουσι
807 625 989 712 συνωμόται
1014 625 1070 692 κατ’
1093 629 1301 710 συνίστορες

189 733 245 797 καί
264 728 434 816 συνήγοροι
453 735 510 814 τῆς
531 731 655 814 βουλῆς,
674 731 792 814 ταύτης
810 727 865 793 καί
882 726 913 794 oi
932 728 1226 810 συμβουλεύσαντες
1253 725 1329 794 ε’νό

188 832 307 916 τσύτῳς
334 831 457 916 φράσον
475 853 532 910 μοι
553 831 709 914 τάληθές·
760 832 816 894 κατ’
835 826 943 909 σ’μνύω
962 851 1014 894 σοι
1040 830 1075 893 ἐν
1093 828 1138 913 τῷ
1157 827 1303 911 σωτῆρί

188 954 251 1011 μου
274 931 406 1018 Χριστῷ
433 925 485 995 ὅτι
517 926 610 994 ciros*
637 931 697 1011 μὲν
722 925 972 1012 κολασθήσομαι
1001 933 1073 1002 ταῖς
1101 926 1159 990 τού
1179 924 1295 1006 νόμου

189 1037 333 1110 ποιναῖς,
354 1027 393 1094 σύ
416 1030 452 1093 ii
473 1027 641 1112 ἐλεύθερος
663 1027 720 1115 ἔσῃ
745 1026 807 1093 cirri
829 1023 947 1103 ποντύς
972 1021 1213 1110 πειροτηριλιυ,”
1259 1016 1296 1113 ᾦ

190 1123 400 1210 α’τιελογίσοιο
434 1119 526 1204 σύτσς
549 1123 639 1210 ιεὲγῶ
668 1129 728 1209 μὲν
759 1121 848 1193 einis*
874 1149 928 1191 σοι
958 1127 1014 1190 κατ’
1033 1128 1113 1208 λέγω
1134 1119 1184 1189 ὅτι
1206 1114 1291 1188 σῶτε

189 1222 393 1312 ἐνεθυμήθην
416 1225 490 1310 scapi
509 1224 622 1292 τούτου
651 1223 794 1308 σῶιιοτι,
823 1221 895 1290 orire
916 1226 951 1290 iv
978 1226 1160 1313 τῇύιανούηι
1178 1246 1247 1304 μου
1270 1218 1329 1290 ὅτι

190 1322 288 1400 aricia
308 1323 424 1400 σκοπὸς
443 1319 561 1410 ἦλθεν,
584 1317 658 1390 ούτε
676 1349 724 1400 τις
742 1321 855 1409 μικρὸς
874 1318 897 1408 ἢ
916 1324 1015 1408 μέγας
1033 1325 1109 1408 περὶ
1127 1320 1291 1407 τοιαύτης

189 1427 372 1501 ὑποθέσεως
388 1418 521 1511 ἀνέφερέ
538 1446 605 1507 μοι.
647 1426 693 1502 εἷς
715 1423 768 1490 τὸν
782 1427 883 1490 αἰῶνα
895 1421 941 1510 μη
956 1427 1085 1508 γένοιτο.
1126 1420 1290 1507 μάρτυρα

188 1526 320 1608 χρῶμαι
338 1523 394 1590 τὸν
419 1521 496 1588 θεὸν
515 1523 571 1589 καὶ
587 1523 661 1599 τούς
685 1523 835 1606 ἀγγέλους
855 1522 930 1599 τούς
959 1523 1103 1607 ἀοράτως
1123 1546 1290 1606 nuptura·

189 1627 303 1706 μένους
320 1645 389 1706 μοι.
432 1625 463 1688 εἰ
486 1625 522 1688 di
545 1623 576 1686 oi
595 1619 890 1708 συκοφαντήσοντές
917 1645 959 1704 με
978 1630 1045 1697 τοῖς
1065 1623 1127 1686 ω’σί
1144 1624 1203 1687 τού
1219 1627 1288 1703 βα·

191 1725 304 1796 σιλέως
329 1745 394 1803 μου
425 1721 585 1806 ἐβύροναν
612 1722 718 1806 ψεύδη
735 1727 805 1786 κατ’
835 1724 915 1803 ἐμοῦ
937 1724 997 1786 τού
1026 1719 1141 1786 δούλου
1160 1721 1288 1803 nivosi,
1306 1728 1329 1787 s!

190 1824 246 1885 soi
276 1821 366 1884 riori
396 1819 557 1886 πιστεύετέ
583 1843 657 1903 μοι,
688 1822 747 1884 ουίι
767 1821 831 1902 ἔχω
852 1823 889 1885 τί
904 1823 1013 1902 λέγειν.
1063 1815 1153 1904 ἢτίς
1174 1819 1295 1888 ἔσεταί

190 1943 247 2003 μοι
267 1919 392 2004 μύρτυς
412 1921 470 2002 τῆς
490 1919 644 2004 ἀληθείας
664 1941 728 2002 μου
736 1945 747 2000 3
772 1922 803 1984 εἰ
819 1919 877 2002 μή,
898 1912 926 1984 oi
947 1916 1085 1985 δύσποτύ
1108 1944 1189 2003 μου,
1211 1922 1289 1985 διὀ-

190 2022 255 2100 μοι’
265 2041 338 2100 σου,
359 2019 490 2103 τιοιήσύν
503 2041 560 2101 μοι
578 2015 687 2104 χάριν.
719 2019 825 2101 ’βῶλον
844 2019 976 2104 σι’ύηρον
996 2021 1032 2084 ἐν
1049 2019 1091 2102 τῇ
1109 2022 1207 2104 φλογὶ
1225 2023 1290 2103 τῆς

191 2117 344 2200 καμίνου,
365 2121 421 2183 καί
443 2115 536 2184 ἔασον
555 2114 654 2183 αύτύν
677 2113 884 2204 ύτιερμὲτρως
912 2120 1072 2201 inuium,
1093 2116 1149 2182 eoi
1166 2122 1290 2205 φέρετέ

190 2239 247 2297 μοι
269 2209 384 2300 osiris,
404 2215 461 2282 καί
478 2205 584 2284 ocioso
604 2225 676 2296 ταῖς
694 2215 794 2305 χερσί
807 2240 893 2300 μου,
921 2218 976 2284 καὶ
994 2211 1159 2305 ἄνθρακας
1178 2216 1286 2304 πυρὸς
1298 2241 1329 2285 a<

262 2387 287 2440 3.
305 2383 387 2451 ύῆλόν
403 2402 456 2457 μοι
470 2390 592 2454 ποίησον
609 2386 639 2439 Μ
709 2386 734 2453 4.
751 2384 1033 2510 ύπαρχουσονρρμιιοι
1048 2386 1079 2438 Μ
1160 2387 1185 2440 5.
1209 2402 1288 2460 συμ-
1313 2421 1316 2423 >

260 2455 436 2525 βουλεύοντες
452 2457 481 2510 Μ
550 2459 577 2511 6.
596 2461 717 2530 Χριστῷ
735 2475 793 2530 μου
811 2457 917 2530 σωτῆρι
1025 2477 1050 2527 7.
1067 2459 1232 2512 uoluntarios
1252 2461 1287 2512 Μ

261 2515 426 2598 8.ᾦοωΡ
493 2524 758 2600 ράντιλσγησατολ)
833 2546 872 2580 ιι.
887 2525 1165 2602 μιαρύνῆμίγαΜ
1241 2533 1285 2582 13.

261 2602 310 2650 τισὶ
326 2597 437 2657 πάντας
457 2594 570 2670 typos
659 2602 699 2667 si.
716 2617 770 2672 μοι
787 2599 879 2652 osnM
966 2599 1161 2655 δὲααιολΜ
1241 2601 1286 2652 15.

259 2685 316 2738 μου
335 2667 426 2718 omM
514 2667 651 2739 petisse
742 2673 828 2724 ι6.ει
851 2669 944 2723 osuii
1042 2667 1163 2743 μονῶν,
1182 2666 1286 2723 ούκΜ

266 2737 480 2810 ιη.μάριυρΜ
555 2739 825 2794 ουιΙιετιιωοωΜ
899 2731 1097 2812 ι8.βιιλύνΜ
1151 2739 1285 2814 ιρύιιλρ

259 2811 363 2880 μέτρον
379 2808 409 2861 Μ
463 2823 505 2861 no.
543 2815 655 2882 νθρσιια
673 2815 722 2865 sot
739 2811 789 2866 τού
804 2804 896 2884 πυρὸς
912 2810 942 2862 Μ

192 2980 359 3049 interrogant
374 2987 402 3032 et
411 2979 596 3045 cohortantur,
606 2981 771 3065 tandemque
782 2979 999 3050 archiepiscopus
1008 2977 1052 3031 his
1060 2977 1150 3031 verbis
1161 2979 1285 3048 oompel.

192 3051 247 3104 lat:
263 3049 282 3070 “
305 3051 332 3102 ui
351 3049 417 3120 quid
429 3059 583 3120 peccarunt,
601 3052 701 3122 inquit,
714 3053 747 3103 iss
763 3067 819 3102 uon
838 3051 907 3104 haec
926 3051 1005 3102 venis
1019 3049 1106 3113 datur,
1123 3057 1155 3101 ut
1171 3057 1284 3104 necant

194 3129 223 3173 et
232 3067 302 3172 nihii
322 3119 467 3191 quidquam
479 3123 655 3190 pronuntient
672 3121 707 3174 de
724 3131 831 3191 patrato
847 3122 965 3175 crimine.
983 3137 1066 3190 quare
1081 3129 1119 3183 tu,
1139 3119 1181 3172 vir
1194 3118 1284 3172 hono-

194 3193 334 3256 ratissime,
351 3208 432 3260 quum
444 3193 478 3242 sis
490 3207 633 3259 generosus
646 3201 675 3244 et
684 3209 717 3244 ex
729 3193 865 3261 generosis
877 3191 1017 3254 oriundus,
1025 3190 1202 3259 interroganti
1212 3190 1281 3244 mihi

195 3265 269 3331 aperi
289 3265 447 3316 veritatem:
467 3264 578 3332 quinam
598 3272 688 3315 tecum
709 3263 887 3315 coniurat-unt
904 3261 1067 3332 consiliique
1085 3262 1164 3314 istius
1181 3264 1281 3313 conscii

195 3341 306 3385 suntet
326 3333 471 3403 participes
488 3333 533 3385 vel
546 3331 786 3403 comprobatores?
807 3333 860 3396 dic,
880 3331 955 3404 quod
973 3349 1016 3384 res
1034 3340 1083 3394 est,
1105 3349 1136 3383 ac
1153 3333 1214 3383 iuro
1232 3350 1283 3402 per

196 3401 331 3454 Christum
358 3412 521 3456 servatorem
552 3421 654 3466 meum,
680 3403 743 3456 illos
771 3401 877 3471 legibus
900 3420 1001 3473 poenas
1022 3402 1132 3455 daturos
1163 3419 1233 3467 esse,
1252 3413 1280 3455 te

165 3481 171 3524 .'
193 3471 310 3526 liberum
326 3475 382 3526 iore
396 3483 424 3528 et
442 3473 477 3525 ab
491 3473 563 3525 omui
597 3475 743 3526 uacationis
755 3490 852 3542 genere
864 3470 1034 3526 immonem?³
1052 3475 1096 3526 cui
1114 3471 1163 3526 illo
1183 3474 1221 3525 sic
1237 3492 1281 3526 re-

160 3595 162 3599 .
194 3543 323 3611 spondit:
338 3543 406 3613 “ego
419 3553 447 3596 et
464 3554 543 3596 antea
561 3545 581 3596 ti
604 3546 612 3596 i
631 3545 697 3607 dixi,
713 3553 741 3597 et
758 3561 831 3594 nuuc
850 3545 910 3612 dico
928 3546 1036 3607 iterum,
1054 3561 1105 3599 uec
1123 3544 1211 3613 ipsum
1230 3562 1281 3596 uu·

195 3631 275 3682 quam
288 3631 329 3665 me
343 3614 417 3668 istius
430 3617 469 3666 rei
486 3615 641 3685 concepisse
656 3615 847 3684 cogitationem
862 3616 1047 3676 consiliumve.
1066 3632 1117 3666 nec
1128 3615 1210 3666 aiium
1223 3616 1280 3667 sive

195 3683 306 3735 humilis
333 3684 389 3736 sivo
414 3685 528 3739 illustris
554 3685 721 3738 conditionis
752 3683 889 3737 hominem
916 3685 950 3738 de
970 3684 1026 3737 'tali
1047 3686 1161 3753 ‘negotio
1178 3702 1280 3737 mecum

195 3754 298 3824 egisse:
315 3753 398 3824 idque
420 3757 525 3809 utinam
542 3757 619 3809 nullo
647 3774 768 3827 unquam
792 3757 874 3808 modo
893 3756 947 3808 fiat
973 3757 1049 3806 cuius
1074 3757 1115 3807 rci
1136 3764 1218 3807 testes
1237 3757 1281 3808 in·

107 3866 113 3875 .
193 3842 260 3877 voco
282 3824 362 3876 deum
380 3827 511 3894 optimum
538 3829 683 3880 maximum
707 3836 789 3896 atque
811 3827 937 3896 angelos,
965 3828 1012 3896 qui
1038 3827 1119 3878 invisi
1138 3827 1204 3879 mihi
1231 3826 1279 3878 ad-

195 3903 275 3946 stant.
303 3891 399 3964 quodsi
426 3897 459 3959 ii,
486 3897 534 3967 qui
557 3915 601 3952 sue
626 3898 760 3950 criminati
785 3907 863 3960 sunt,
891 3914 967 3948 sures
986 3898 1154 3967 imperatoris
1171 3898 1279 3949 menda·

195 3965 245 4016 ciis
262 3965 403 4017 adversum
423 3983 483 4029 me,
511 3984 616 4024 sermm
635 3971 707 4030 eius,
734 3969 856 4020 confictis
883 3977 1042 4030 onerarunt,
1058 3985 1108 4018 nec
1129 3967 1197 4020 mihi
1213 3969 1277 4020 fides

196 4045 235 4088 est
246 4076 253 4101 ,
274 4051 328 4090 uon
348 4035 450 4102 habeo,
479 4037 553 4107 quod
579 4039 674 4094 dicam.
693 4048 741 4093 aut
762 4038 825 4112 quis
843 4040 902 4100 erit,
921 4038 969 4110 qui
986 4055 1049 4091 vere
1069 4056 1111 4091 me
1131 4039 1219 4092 dicere
1236 4049 1276 4092 te-
