2675 4584
199 223 286 310 356
512 248 687 314 οεοιιειι
717 247 961 314 rantum

194 396 312 468 Ἄσίαν
328 402 385 464 καί
406 398 586 464 Αἰθιοπίαν
606 393 756 483 Περσίαν
779 419 812 461 τε
840 396 898 460 καί
911 394 1028 460 ’ίνδιλιν
1054 395 1112 457 καί
1128 393 1306 476 Ἆραβιλνν.

196 501 214 564 ό
236 503 275 566 δέ
294 498 402 584 ’ἕτερος
420 493 567 581 Ἰωάννης
585 500 642 560 καί
660 493 759 571 αδτδς
773 495 967 580 Ἑλληνικῶς,
988 497 1044 558 καί
1062 489 1164 578 ἐδόθη
1186 497 1240 568 τίς
1263 495 1305 558 τά

195 599 278 683 μέρη
298 600 353 682 τής
376 594 534 679 Εδράπης
562 597 619 660 καί
645 593 706 670 τάς
733 593 849 679 νήσους
870 594 926 658 καί
941 589 1020 658 ἔνθα
1040 592 1253 675 εῦριλινονται
1274 593 1305 658 οἱ

185 689 343 780 Ἓλληνες.
363 695 420 760 καί
432 689 532 771 οῦτως
545 689 678 778 διεδόθη
690 691 725 758 τό
742 693 926 778 εδαγγέλιον
939 696 984 768 εἰς
998 691 1055 759 τόν
1064 690 1181 775 κόσμον
1194 692 1305 758 εἴπαν-

197 821 237 861 τα
258 797 299 859 ον’
319 792 399 878 μετά
432 796 506 877 βίας
535 796 612 860 οῦδὲ
639 793 711 875 μετ’
739 787 872 876 άνάγκης
892 791 969 856 οῦδὲ
1000 791 1080 873 μετά
1100 797 1221 878 ξίφους
1247 794 1328 860 urnii

196 893 333 979 σπάθης,
354 895 425 958 ἀλλ’
442 894 478 958 ἐν
501 885 606 980 άμάπη
635 895 691 956 καί
711 889 871 976 ἱλαρότητι
899 893 956 956 καί
975 893 1010 956 ἐν
1029 888 1221 958 ταπεινώσει
1248 893 1304 956 εὖ·

195 998 337 1078 ρίσιιοντο
359 988 562 1067 διδάσκοντες
593 989 623 1056 οἱ
645 987 817 1056 ἀπόστολοι
840 987 894 1055 τόν
918 985 1010 1070 λόγον
1029 992 1087 1054 τοῦ
1107 995 1198 1056 θεοῦ.
1244 997 1306 1056 καί

195 1094 426 1176 ἀπέστραπται
447 1086 485 1154 τό
506 1086 690 1173 πράγματα.
732 1087 872 1172 τῶνγὰρ
894 1081 1077 1154 άποοτόλων
1088 1095 1304 1172 τυπτομένων

196 1193 455 1276 νολαφιζομένων
484 1189 735 1274 λοιδορουμένων
764 1191 964 1268 διωκομένων
1000 1185 1221 1256 διδασκόντων
1260 1189 1301 1254 σῦ

196 1293 365 1356 κατέπὶπτε
386 1287 421 1355 τό
435 1285 593 1372 κήρυγμα,
612 1287 682 1352 ἀλλ’
705 1287 807 1375 ήμέρρ
825 1289 866 1375 τῇ
885 1285 988 1376 ήμέρη
1009 1287 1223 1370 ἐμεγαλύνετο
1245 1287 1303 1352 καί
1313 1317 1335 1357 r·

195 1389 348 1474 ηὐξάνετο
367 1385 403 1452 τό
428 1389 488 1452 τοῦ
508 1390 654 1469 Χριστοῦ
687 1389 879 1471 εῦαγγέλισν.
928 1389 985 1450 καί
1003 1389 1117 1452 ε’κεῖνοι
1139 1385 1171 1452 οἱ
1192 1387 1299 1454 πολλά

196 1485 424 1566 σπουδάζοντες
445 1490 501 1552 καί
526 1484 627 1550 πολλά
651 1483 868 1560 κεκοπιακάτες
888 1480 1033 1567 καλόψαι
1062 1483 1096 1550 τό
1122 1489 1184 1551 τοῦ
1212 1490 1301 1571 Χρι.

195 1591 275 1653 ατοῦ
300 1581 418 1668 ὄνομα,
451 1588 504 1650 ἵνα
536 1583 582 1668 μή
614 1582 792 1672 ὁμολογήσῃ
824 1583 924 1651 αῦτόν
945 1608 993 1660 τις
1020 1588 1085 1650 νῦν
1114 1583 1301 1668 ἀνθρώπων

195 1685 285 1769 θεόν,
306 1683 324 1749 ό
346 1688 382 1751 δὲ
403 1688 497 1750 τοῦτο
515 1685 682 1770 τολμήσων
701 1686 832 1774 θανάτῳ
854 1679 1076 1767 άποθανεῖται,
1099 1686 1195 1752 αῦτοί
1214 1688 1299 1752 ἐκεῖ·

195 1809 245 1852 νοι
263 1783 509 1870 κατανοήσαντες
529 1782 589 1868 τήν
608 1779 767 1868 άλήθειαν
778 1787 971 1870 προσέπεσον
984 1783 1040 1848 καί
1057 1784 1338 1871 προσεκάνησανι

197 1883 225 1950 ολ
246 1890 305 1966 μέν
325 1893 392 1961 τοϊς
412 1881 599 1959 άποστόλοις
626 1881 657 1948 οἱ
680 1885 716 1948 δὲ
739 1891 805 1960 τοῖς
826 1884 953 1949 ἐκείνων
974 1882 1139 1967 διαδόχοις
1158 1887 1215 1950 κατ’
1232 1911 1299 1967 μα-

197 1989 330 2065 θηταῖς,
352 1985 408 2047 ναί
434 1983 626 2047 ἐπίστευσαν
646 1977 695 2048 ότι
724 1979 820 2057 αδτός
842 1981 962 2047 ἐστινὸ
985 1980 1136 2067 ἀληθινός
1156 1983 1255 2066 θεός,
1281 1980 1300 2047 ό

199 2079 359 2163 Χριστός,
388 2081 483 2155 αῦτός
504 2078 628 2144 έστινδ
656 2079 725 2157 υἱός
743 2083 803 2146 τοῦ
821 2083 899 2145 θεοῦ
917 2084 978 2145 τοῦ
1000 2083 1129 2165 ζῶντος,
1147 2085 1205 2148 καί
1223 2085 1301 2148 ἐλυ-

200 2182 316 2244 ποῦντο
335 2182 392 2244 καί
410 2177 535 2244 ἔκλαιον
555 2177 616 2255 τάς
634 2175 859 2264 παρελθοόοας
883 2175 1021 2264 ἡμέρας,
1050 2177 1089 2256 ῦς
1107 2183 1300 2268 περιεπάτη-

200 2303 261 2345 οαν
282 2281 317 2344 ἐν
337 2282 377 2366 τῇ
396 2282 505 2365 σκοτίη
524 2280 581 2342 καί
608 2281 649 2366 τῇ
668 2281 770 2367 πλάνη
792 2282 851 2346 τοῦ
869 2283 1009 2344 Σατανᾶ.
1052 2277 1069 2344 ό
1092 2284 1128 2347 δὲ
1151 2281 1334 2365 παιάνων

199 2384 259 2452 θος
275 2376 352 2451 θεός
365 2375 420 2441 καί
442 2372 584 2460 ἐλεήμων
604 2378 730 2454 ἐδέξατο
751 2379 859 2442 αδτιῦν
876 2375 933 2463 τήν
951 2375 1133 2463 μετάνοιαν,
1154 2382 1212 2445 καί
1234 2381 1298 2446 αῦ-

199 2477 276 2554 τοῦς
295 2472 370 2554 τοῦς
390 2473 561 2552 διώκοντας
582 2474 617 2540 τό
639 2479 697 2541 τοῦ
711 2479 856 2564 Χριστοῦ
874 2471 973 2560 ὄνομα
993 2481 1163 2565 κατέστησε
1183 2483 1297 2564 ποιμέ-

270 2676 297 2712 a.
315 2663 363 2714 καλ
380 2658 466 2724 ἐδόθη
482 2687 519 2699 -
534 2655 648 2731 νήσους]
667 2661 707 2722 είς
725 2657 775 2729 τήν
792 2659 917 2734 notrum
937 2664 986 2718 eat
998 2660 1123 2738 Ἔφεσον
1141 2663 1161 2718 Ρ
1252 2681 1294 2736 ιη.

269 2731 286 2787 δ
307 2729 350 2784 δέ.
369 2762 402 2774 -
427 2731 505 2786 rom
520 2745 567 2782 om
586 2728 606 2782 P

202 2917 294 2978 gutum
311 2916 353 2962 ert
369 2909 399 2961 in
414 2909 487 2972 Asia,
503 2905 603 2961 Aethio
623 2908 659 2971 ia,
679 2909 779 2972 Persia,
807 2909 883 2963 indie
908 2919 938 2966 et
959 2913 1073 2982 Arabim
1100 2922 1226 2984 quartur,
1244 2917 1292 2968 lo·

202 2979 322 3043 hennae,
338 2981 403 3032 item
422 2997 524 3049 graece,
543 2925 622 3050 ραοό
637 2980 667 3030 in
686 2989 762 3048 parte
774 2981 897 3050 Europae
915 2991 945 3036 et
963 3001 1013 3053 per
1032 2986 1135 3038 inrnlar
1153 3003 1185 3038 ae
1202 2987 1291 3056 regio-

202 3068 286 3103 nera
307 3052 416 3103 Graecis
435 3051 572 3102 habitatur
590 3051 719 3102 innotuit.
767 3052 807 3102 ita
832 3056 1002 3122 evangelium
1028 3073 1077 3126 per
1095 3064 1180 3110 totum
1198 3057 1292 3110 urbem

202 3130 334 3174 terrarum
350 3138 408 3174 nun
424 3123 451 3174 vi
471 3130 500 3173 et
511 3121 659 3183 violentia,
677 3137 728 3172 uec
746 3136 810 3174 eure
831 3131 859 3174 et
870 3126 970 3194 gladio,
988 3127 1157 3195 divulgatum
1176 3138 1222 3190 ert,
1241 3129 1291 3181 red

204 3194 250 3263 pie
269 3201 298 3244 et
326 3193 397 3244 iaete
425 3200 454 3243 et
471 3189 594 3242 moderte
619 3191 751 3259 apostolia
776 3193 888 3246 verbum
911 3194 955 3248 dei
974 3195 1145 3250 docentibur.
1180 3207 1290 3270 eratque

205 3281 294 3316 rerum
311 3265 390 3333 quari
408 3263 586 3332 repugnantia
605 3261 747 3330 quaedam.
767 3281 829 3316 nam
842 3281 925 3334 quum
945 3269 1062 3338 apostoli
1080 3277 1290 3338 percuterentur,

206 3333 422 3403 flagellurentur,
449 3333 578 3384 conviciis
607 3331 789 3396 afficerentur,
808 3337 1008 3402 exagitarentur
1031 3341 1103 3391 inter
1128 3339 1290 3405 docendum,

206 3420 263 3456 non
282 3421 411 3476 opprerra
427 3411 471 3455 ert
490 3400 728 3462 eorumdoctrina.
749 3404 797 3457 aed
817 3405 845 3458 in
863 3405 922 3460 dier
940 3426 1010 3462 nova
1026 3411 1191 3464 incrementa
1202 3413 1290 3480 eapie-

205 3473 255 3525 bat
274 3484 304 3527 et
323 3476 420 3526 taetiur
450 3471 635 3524 efflorescebat
662 3475 831 3542 evangelium
850 3475 958 3530 Christi.
1005 3481 1052 3550 qui
1081 3483 1154 3534 enirn
1180 3483 1289 3538 multum

206 3561 306 3613 operae
317 3543 513 3614 impendebant
521 3543 690 3614 multumque
702 3545 883 3610 enitebantur,
892 3558 924 3601 ut
930 3551 1099 3604 occultarent
1109 3569 1206 3606 nornen
1214 3553 1291 3606 Chri-

206 3616 249 3676 rti‚
268 3631 304 3667 ne
321 3617 384 3686 quir
400 3632 461 3666 eum
478 3613 558 3666 deum
572 3631 631 3668 erre
649 3615 781 3678 erederet,
799 3615 886 3688 (quod
904 3620 953 3689 qui
972 3622 1124 3684 conabitur,
1142 3633 1224 3677 morte
1241 3641 1290 3694 pe·

207 3686 308 3737 riturua
327 3687 380 3758 ert)
398 3687 441 3736 illi
455 3686 507 3754 ipsi
520 3686 612 3754 igitur,
624 3687 732 3754 cognita
749 3689 872 3752 veritate,
891 3691 1041 3746 adorarunt
1051 3702 1080 3746 et
1096 3695 1213 3748 venerati
1230 3704 1295 3747 runt.

207 3755 347 3823 apostolor
363 3758 407 3808 ret
425 3765 635 3816 aueeerrorer,et
651 3755 799 3826 discipulos
816 3775 916 3825 eorum,
934 3771 1019 3834 atque
1035 3764 1215 3829 erediderunt,
1232 3783 1289 3819 enm

207 3841 300 3876 verum
319 3825 401 3878 deum
421 3835 451 3879 et
467 3827 604 3879 Christum
624 3836 653 3878 et
671 3828 757 3880 filiurn
778 3827 824 3882 dei
845 3832 899 3883 rivi
920 3849 994 3896 erae,
1014 3849 1046 3886 ae
1064 3835 1194 3904 lugebant
1209 3845 1234 3890 et
1250 3837 1290 3888 lr-

208 3895 402 3947 nentebantur
415 3895 450 3949 de
467 3906 590 3966 ternpore
609 3899 776 3966 praeterito,
803 3917 858 3970 quo
876 3903 997 3956 tenebris
1016 3913 1044 3957 et
1062 3905 1195 3958 erroribus
1216 3907 1290 3959 Sata-

208 3981 259 4016 nae
279 3963 403 4017 obrtricti
424 3967 539 4019 fuerant
582 3966 649 4020 deur
674 3977 764 4020 autem
783 3973 900 4040 optimur
928 3982 957 4026 et
981 3975 1131 4030 misericors
1148 3977 1290 4048 accipiebat

207 4035 387 4087 mutationem
404 4038 504 4088 menti·
521 4053 630 4102 eorum,
651 4048 680 4091 et
695 4038 746 4092 hor
771 4041 857 4109 ipsos,
876 4045 923 4113 qui
950 4046 1184 4116 pernequebantur
1198 4065 1290 4102 nomen

210 4105 321 4170 Christi,
337 4111 460 4177 ριιιστοι
477 4115 507 4160 et
523 4108 664 4178 ιιιιςίιιισι
684 4117 714 4165 et
737 4113 848 4166 nuntior
875 4113 952 4172 verbi
968 4124 997 4170 et
1014 4117 1131 4174 numinis
1156 4119 1198 4174 rui
1212 4119 1292 4174 tacie-
