2675 4584
1302 9 1305 110 ἰ

155 222 210 284 m
227 213 593 284 ruminemus-:nsi
620 215 787 280 munio
802 159 1028 282 alanino.
1066 191 1147 307 527
1302 148 1307 292 i

35 373 171 451 μέλει,
193 371 249 454 τῆς
276 369 403 443 ἐλπίδος
433 368 546 454 sapic
577 364 818 451 διημαρτηκόσι.
861 362 964 433 πάντα
992 365 1052 452 γάρ
1084 361 1151 435 όνω

37 470 112 534 καί
135 465 219 534 κάτω
236 465 396 550 γεγόνασι,
424 465 460 532 τό
492 470 552 531 τού
581 462 687 548 λόγου.
736 466 791 531 καί
811 464 830 547 ἤ
851 464 941 540 πόλις
969 462 1077 552 ὥσπερ
1102 491 1151 546 τις

38 571 140 642 ναῦς
174 570 209 632 ἐν
244 568 374 650 πελάγει
409 568 636 648 περισχεθεῖσα
666 566 771 628 κακῶν
803 569 1029 649 περιφέρεται,
1059 569 1151 652 δίκην

41 669 185 748 α’νέμων
214 670 278 732 τῶν
314 669 384 731 καθ’
421 661 557 748 ἑκάστην
580 669 680 730 εἰπεῖν
707 660 947 743 συμπιπτόντων
979 667 1151 750 ταραττόν·

10 773 124 834 ὅτων
154 762 257 851 αότήν
292 768 348 832 καί
382 768 514 840 ναυτίας
545 766 659 848 πολλῆς
698 766 755 828 καί
779 764 898 846 ἰλίγγου
929 766 1150 850 πληρούντων,

42 871 113 933 καί
144 871 292 949 καθαροῖς
326 858 436 940 εύόίας
473 865 635 946 ἐπιτυχεῖν
677 856 792 928 rixam
828 860 972 944 εὀόντων,
1011 865 1088 929 ericii
1115 862 1152 930 τό

41 969 114 1049 τῆς
140 965 266 1051 εἰρήνης
287 963 349 1030 καὶ.
360 966 505 1048 νηνεμίας
527 959 630 1029 ἱστίον
660 959 843 1028 πετάσασαν
864 961 944 1047 πρός
963 965 1074 1042 λιμένα
1096 987 1152 1028 κα-

44 1070 122 1132 λῶν
152 1069 328 1151 ἐφθακέναι
358 1065 477 1147 στήναί
493 1085 529 1127 τε
556 1063 604 1128 ἐνί
625 1062 770 1146 α’νκνρῶν
800 1063 978 1146 α’σφαλείας
1006 1063 1064 1128 καί
1094 1064 1153 1143 μλ-

46 1191 126 1230 νειν
147 1159 338 1231 ύσάλευτον.
388 1164 468 1227 θεοῦ
489 1164 526 1226 rt
543 1150 608 1248 όρα
630 1164 723 1227 τούτο
750 1153 790 1226 iv
812 1158 863 1244 εἴη
883 1161 938 1226 καί
957 1163 1012 1244 τῆς
1033 1161 1153 1225 ἐκείνου

14 1265 176 1350 οσαφῶς
195 1264 441 1347 πηόαλιουχίας,
471 1263 690 1346 καταπραῧναι
710 1263 770 1341 μὲν
787 1258 827 1325 τά
850 1263 914 1324 sair
934 1263 1155 1344 ἐπερχομένων

48 1361 289 1450 κορυφούμενα
306 1362 443 1442 κύματα,
463 1362 577 1426 ἰθύνοι
598 1363 634 1426 cli
654 1358 733 1444 πρός
752 1358 898 1445 γαλήνην,
920 1359 977 1426 καί
993 1363 1156 1445 σωτηρίαν

49 1465 274 1547 χαριοασθαι,
293 1463 349 1526 καί
368 1463 481 1525 δοῦναι
501 1460 649 1542 πρύμναν
675 1455 876 1544 κρούσασθαι
896 1465 954 1524 τού
969 1463 1080 1525 λοιποῦ
1100 1461 1157 1524 καί

51 1565 197 1628 πλεῦσαι
218 1560 388 1645 δεύτερον,
410 1553 428 1624 ό
449 1584 544 1646 φασι,
566 1560 685 1640 πλούν,
705 1564 989 1642 μεταβεβλημένων
1009 1554 1155 1624 ἁπάντων

54 1664 118 1727 ἐπί
137 1659 173 1729 τό
195 1665 319 1742 βέλτιον
346 1661 401 1725 καί
428 1655 449 1724 ό
476 1663 618 1724 συνοίσει
638 1661 678 1747 τῇ
697 1657 806 1740 πόλει,
835 1657 1078 1739 μεσιτεύσαντος
1097 1661 1156 1722 τού

10 1761 233 1846 ιὸήμεόαπού
252 1760 468 1844 τροπαιούχου
488 1760 544 1823 καί
562 1756 745 1843 μάρτυρος,
767 1759 824 1822 καί
840 1760 904 1824 ταῖν
925 1759 983 1842 τῆς
1005 1757 1156 1840 πατρίδος

55 1862 182 1924 οἰάκων
213 1852 312 1934 αύβις
344 1860 444 1924 εἰπεῖν
473 1858 724 1941 ἐπιλαβομένου,
744 1859 801 1922 καί
826 1854 906 1942 πρός
925 1857 981 1941 τήν
1002 1854 1156 1939 τοσαύτην

56 1965 128 2024 τῶν
162 1960 337 2044 συμφορῶν
367 1956 534 2023 θάλασσαν
563 1961 603 2044 τῇ
631 1952 750 2024 ἑαυτοῦ
777 1961 980 2042 χρησαμένου
1012 1955 1155 2038 δυνάμει.

57 2064 187 2142 γένοιτο
222 2060 259 2122 rii
277 2053 322 2142 μή
342 2058 401 2120 ούκ
421 2059 467 2131 είς
486 2053 631 2138 μακράν,
653 2053 726 2146 imp
746 2061 805 2120 τού
822 2061 904 2120 siena*
925 2058 1213 2150 ἐπιβλέψαντοςηη,

58 2151 197 2239 ὄμματι,
218 2157 274 2221 καί
287 2159 657 2243 φιλανθρωπεοοαμένου
669 2152 817 2240 συνήθως
836 2158 887 2243 ἐφ’
909 2149 957 2233 οἷς
977 2154 1076 2222 αύτόν
1095 2179 1157 2220 πα-

11 2285 51 2324 20
61 2260 264 2342 ροργιζομεν.

150 2352 209 2438 κβ.
256 2357 364 2420 Ταότα
384 2354 418 2429 ἐς
437 2355 535 2437 όεύρο
553 2352 844 2440 παρηκολούθηκεν,
865 2358 895 2422 εί
915 2356 973 2420 καί
991 2379 1062 2422 τινα
1083 2354 1157 2420 τού.

64 2480 132 2519 των
154 2455 244 2539 ἡμεῖς
265 2449 388 2530 ἑκόντες
409 2452 463 2519 όιά
483 2452 537 2520 τόν
557 2454 668 2537 καιρὸν
693 2458 749 2522 καί
769 2451 827 2540 τήν
848 2455 1004 2539 ήμετέραν
1024 2457 1101 2539 περί
1118 2453 1154 2519 τό

65 2558 171 2638 λέγειν
205 2555 377 2619 α’σθέιειαν
403 2561 593 2639 παραλιπεῖν
620 2557 694 2621 όέον
720 2558 916 2640 κεκρίκαμεν.
962 2551 1156 2640 κύπειόήπερ

70 2760 240 2832 longioribus
258 2764 312 2816 oris
329 2763 404 2815 illius
424 2763 573 2834 potiundae
590 2762 728 2816 desiderio
755 2763 938 2828 exardebant,
962 2779 1008 2816 eos
1027 2765 1068 2816 sui
1086 2763 1161 2816 clesi-

72 2835 152 2897 derii,
171 2833 219 2885 ειτΙ
235 2849 286 2886 nos
313 2849 424 2904 quoque
444 2835 475 2886 in
493 2850 553 2887 eam
576 2833 721 2886 reditionis
737 2835 867 2902 paenitet,
886 2851 945 2888 cnm
961 2851 1022 2903 spes
1039 2837 1162 2887 melioris

70 2914 157 2959 status
175 2905 284 2974 penitus
305 2903 415 2955 sublata
434 2905 478 2955 sit.
524 2921 623 2973 susque
647 2904 738 2974 deque
757 2905 828 2956 enim
846 2907 936 2957 omnia
956 2905 1026 2956 iacta
1044 2913 1114 2970 sunt,
1131 2915 1162 2959 ut

70 2975 215 3046 proverbio
233 2974 438 3040 circumfertur,
456 2981 486 3025 et
502 2973 583 3038 urbs,
598 2974 685 3026 veluti
707 2975 782 3026 navis
800 2976 857 3027 alto
876 2975 1008 3028 malorum
1025 2977 1092 3028 mari
1112 2993 1162 3046 op-

72 3062 183 3117 prema,
209 3043 411 3112 circumagitur:
442 3052 583 3097 ventorum
613 3046 686 3098 enim
715 3045 816 3108 instar,
846 3061 915 3116 quae
934 3047 1046 3116 singulis
1065 3047 1162 3100 diebus

73 3122 228 3177 occurrunt,
243 3130 302 3165 eam
320 3113 503 3166 interturbant
520 3122 550 3167 ct
566 3132 666 3167 naissee
686 3117 872 3185 vertigineque
890 3117 1035 3186 complent,
1054 3127 1083 3170 et
1099 3135 1162 3170 vera

73 3186 158 3257 potiri
173 3185 266 3253 qrriete
282 3199 340 3238 non
357 3185 527 3254 permittunt,
544 3187 606 3238 vela
625 3187 692 3238 licet
707 3189 823 3257 pacisci
838 3189 1045 3260 tranquillitatis
1061 3205 1164 3258 expan-

75 3257 156 3318 derit,
174 3263 206 3306 ut
223 3253 258 3306 ad
276 3263 381 3324 portum
404 3254 540 3308 bonorum
565 3258 703 3326 appellat,
729 3265 758 3310 et
780 3275 937 3311 ancorarum
954 3259 1098 3314 securitate
1117 3261 1164 3310 fir·

74 3336 171 3386 metor,
188 3335 348 3395 maneatque
365 3327 531 3378 inconcussa.
568 3327 612 3378 aiei
631 3329 713 3396 igitur
725 3329 815 3391 luerit,
835 3337 863 3381 et
877 3330 952 3381 illius
965 3331 1046 3400 plane
1064 3330 1163 3399 guber·

75 3397 209 3459 nationis,
228 3412 314 3447 rermn
334 3396 536 3449 advenientium
555 3399 673 3449 tumidos
694 3399 790 3452 fluctus
811 3399 919 3464 sedare,
951 3402 985 3452 ad
1003 3401 1162 3472 tranquilli-

76 3480 158 3522 tatem
175 3467 298 3534 dirigere,
318 3468 430 3518 salutern
442 3467 556 3536 elargiri,
574 3469 776 3540 concedereque
795 3479 825 3522 ut
845 3471 874 3522 in
892 3480 1029 3540 posterum
1049 3473 1162 3542 puppim

77 3539 242 3592 inhibeamus
261 3547 289 3589 et
305 3538 422 3590 secunda
439 3540 620 3605 navigatione,
641 3541 715 3611 quod
734 3539 843 3604 dicitur,
863 3549 980 3606 utamur,
990 3543 1115 3594 omnibus
1133 3544 1163 3594 in

36 3651 41 3659 .
79 3611 173 3662 melius
185 3610 339 3671 immutatis,
355 3617 394 3670 ut,
408 3607 544 3679 quidquid
557 3611 647 3672 fuerit,
660 3611 761 3662 civitati
780 3611 922 3673 conducat,
939 3611 1112 3682 deprecatore
1133 3629 1163 3666 se

79 3699 128 3752 pro
144 3679 222 3732 nobis
240 3681 388 3749 praebente
414 3689 509 3732 nostro
526 3682 659 3751 tropaeali
679 3689 708 3733 et
732 3691 863 3748 martyre,
890 3701 1033 3754 rursusque
1058 3685 1163 3754 patriae

81 3751 257 3820 gubernacula
270 3751 443 3819 suscipiente,
460 3760 489 3802 et
506 3751 633 3804 adsersus
649 3759 692 3804 lot
708 3751 890 3804 calamitatum
911 3755 1066 3806 immodicos
1086 3771 1164 3806 mon-

82 3831 122 3874 tes
139 3837 213 3873 suam
230 3821 380 3890 potentiam
393 3831 553 3891 συστρατείας
570 3839 661 3891 neque
681 3821 727 3874 din
740 3822 841 3874 bonum
854 3822 1007 3888 differatur,
1025 3825 1078 3878 ‹leo
1098 3841 1165 3896 pro-

83 3892 148 3962 pitio
165 3892 244 3943 oculo
268 3893 451 3963 inspectante,
478 3901 507 3944 et
532 3910 581 3945 suo
603 3909 679 3945 more
698 3891 856 3958 nobiccum,
874 3896 922 3966 qui
947 3897 976 3947 in
997 3909 1058 3947 eum
1077 3895 1166 3947 delin-

86 3965 202 4033 quimus,
223 3961 378 4014 humaniter
396 3971 502 4031 agente.

150 4047 193 4082 aa.
230 4033 264 4085 Et
290 4033 357 4084 baec
374 4032 514 4104 bucusque
535 4049 702 4104 processere:
729 4033 796 4084 licet
818 4051 867 4086 nor
899 4051 932 4086 ex
960 4035 1015 4087 illis
1032 4033 1166 4106 quaedam

87 4111 188 4174 sponte,
206 4111 327 4174 tempore
345 4102 375 4155 id
395 4114 524 4173 poscente
542 4115 571 4158 et
586 4113 679 4158 nostra
704 4101 814 4158 dicendi
833 4103 1036 4172 imbecillitate,
1054 4106 1165 4160 silentio
