2675 4584
419 270 498 331 nur.
515 270 555 330 ιι.
586 267 673 331 clu.
690 271 729 329 v.
945 267 950 278 ’
1043 236 1121 341 143

22 418 227 504 πετραυμός,
250 419 308 483 καί
325 418 489 502 δεηθῶμτν
508 423 564 503 τῆς
591 414 738 482 θεοτόκου
761 412 841 500 δπέρ
865 414 1014 481 tartaro?
1051 414 1124 481 τόδτ

23 516 214 584 ἇνούσασαι
233 520 336 583 πᾶσαν
358 520 580 602 προσέδραμον
612 516 694 605 ου’τῇ
712 515 792 598 μετὰ
812 513 979 600 δακρύων,
1003 516 1125 597 δξατρέ·

23 644 87 695 τως
114 622 153 683 δέ
173 616 209 683 αἶ
233 619 291 703 τῆς
312 618 431 700 μητρός
447 641 510 698 μου
532 618 692 704 ἀδελφαί·
741 618 796 680 καί
814 612 876 699 γὰρ
898 609 988 700 ἑτέρα
1003 610 1125 701 ἆδτλφη

26 712 85 800 ἦν,
110 713 249 800 ύατερον
268 726 414 799 γεγονυῖα
432 718 558 801 κοῖκείνη
587 714 713 800 μοναχῆ
737 717 793 779 καί
818 713 1005 798 δποτακτικη
1027 712 1127 795 αύτῆς
1226 799 1228 803 ,

3 820 126 901 ’λκαληῆ
186 819 390 901 προσέδραμε
419 813 519 901 κοίτη
540 814 618 897 μετὰ
641 814 810 901 δακρύων,
841 816 1060 897 πυνθανομένη
1076 806 1132 877 “rr'

27 921 124 979 τοῦτο
150 914 171 979 δ
194 917 312 997 λέγεις,
344 919 440 1001 κυρία
473 914 563 997 ἧμύν
583 913 700 998 olyra?
731 914 751 999 ἦ
778 916 813 979 δὲ
840 912 919 997 πρὸς
942 909 1043 987 αύτοὶς
1062 908 1126 997 ἔφη

22 1014 87 1099 “μη
113 1020 286 1101 θροεῖσθε·
342 1012 360 1078 ὁ
381 1013 455 1094 θεὸς
476 1013 494 1076 δ
517 1015 727 1098 συγχωρήσας
755 1013 811 1079 τόν
830 1009 1006 1094 πειρασμὸν
1029 1034 1126 1097 χορη·

26 1114 123 1197 γησετ
156 1114 214 1179 καί
240 1114 298 1197 τὴν
327 1112 485 1197 βοήθειανΙ
499 1114 555 1177 καί
582 1112 729 1178 διάλυσιν
751 1114 854 1177 ου’τοῦ
876 1109 914 1195 δὴ
936 1114 994 1177 τοῦ
1013 1135 1127 1195 παρα.

26 1214 150 1291 apuu?
189 1212 245 1277 καί
262 1209 429 1294 ἱστάμεναι
449 1209 589 1293 ἔψαλλον
619 1213 665 1287 είς
685 1209 741 1296 την
762 1211 909 1276 θεοτδκυν
930 1208 1129 1293 παράκλησιν

5 1310 246 1397 οδακρύοοοαι.
302 1312 417 1379 τούτου
438 1314 475 1377 τί
491 1321 632 1399 κρεῖττον
654 1314 700 1389 είς
720 1312 896 1397 μαρτύριον
916 1314 969 1395 τῆς
989 1310 1034 1385 τίς
1055 1309 1130 1376 θεὸν

31 1415 138 1497 αύτῇς
157 1416 274 1497 ἀρετῆς
294 1415 350 1478 καί
368 1408 573 1489 οίκειοίαεως;
594 1410 717 1497 ζήσασα
740 1405 797 1475 οδν
819 1408 923 1485 ούτως
944 1412 1055 1492 καλῶς,
1075 1408 1131 1475 καί

32 1509 136 1576 πολλὰ
157 1515 204 1587 τίς
223 1514 404 1596 μαρτυρίαν
423 1513 478 1595 τῆς
498 1507 611 1597 ἀρετῆς
631 1512 726 1595 οδτῆς
747 1512 908 1587 ἐπιδείξας
929 1508 946 1574 ί
971 1510 1059 1592 θεός,
1079 1512 1131 1574 τέ-

33 1616 86 1685 λος
106 1610 162 1674 καί
183 1610 200 1674 δ
222 1610 359 1688 θάνατος
389 1612 490 1695 ου’τῆς
509 1614 614 1691 τίμιος
640 1611 780 1675 ἐναντίον
801 1609 912 1693 κυρίου
935 1612 1056 1693 ἐγένετο
1076 1608 1132 1677 καί

35 1714 100 1774 τῶν
115 1711 297 1793 ἀνθρώπων
307 1715 439 1795 προέβη.
462 1710 597 1794 ἡμέραις
608 1704 669 1794 γάρ
680 1732 763 1775 τισιν
778 1704 984 1793 α’σθενὴοασα
1004 1708 1129 1794 μικρόν,

2 1814 90 1874 ι5καὶ
100 1806 433 1893 πύσαςτοὶςμοναχύς
453 1814 566 1884 κοινῶς
579 1806 817 1892 νουθετησαοα,
839 1812 894 1873 καί
911 1808 1130 1891 καταλείψασα

35 1911 81 1983 τίς
98 1908 158 1993 την
178 1908 339 1992 ὑποδοχὴν
350 1912 407 1993 τῆς
420 1904 565 1995 ἀδελφῆς
583 1913 639 1992 τῆς
659 1910 739 1993 ἐμῆς
756 1904 880 1994 μητρός,
902 1906 925 1992 ἢ
943 1907 999 1972 καί
1018 1912 1130 1993 πρῶτα

34 2010 80 2085 τίς
99 2007 220 2091 α’ρετητ
233 2012 289 2073 καί
308 2005 471 2091 ύπυταγην
486 2009 584 2091 αύτῆς
604 2001 644 2091 ἤν
664 2009 722 2072 καί
741 2006 843 2073 πάντα
864 2006 904 2073 τοὶ
928 2010 986 2073 τοῦ
1008 2013 1130 2073 κελλίου

35 2108 145 2174 nuruis
165 2108 269 2193 ἐκείνη
289 2109 412 2190 διοίκει,
436 2100 504 2171 εἶτα
525 2107 569 2183 ὥς
588 2106 702 2185 ἔνθους
720 2110 868 2193 γενομένη
890 2108 1034 2193 ἐκάθητο,
1057 2108 1132 2186 τούς

36 2208 97 2283 μὲν
119 2206 308 2293 ὀφθαλμοὺς
328 2203 447 2289 ἔχουσα
469 2210 740 2289 κεκαλυμμένους,
768 2203 805 2270 τδ
829 2209 865 2272 δὲ
888 2204 990 2289 στόμα
1012 2206 1065 2273 δεῖ
1083 2230 1132 2295 κι-

2 2308 138 2371 ωνούσα
158 2304 239 2390 πρδς
257 2303 376 2386 ύμνους
396 2306 451 2370 καί
470 2307 673 2389 εὐχαριστίας
687 2303 763 2390 πρὸς
778 2305 871 2371 θεόν·
912 2306 1052 2388 ἐμιμεῖτο
1071 2304 1131 2391 γὰρ

39 2402 172 2469 πύντοττ
194 2403 213 2487 ἧ
235 2403 310 2487 ἆγία
331 2402 367 2468 τὸ
382 2409 443 2468 τού
461 2404 552 2469 θείου
571 2402 833 2489 χρυσορρήμονος
850 2402 967 2489 πατρὸς
988 2404 1083 2491 ῥητὸν
1095 2402 1131 2471 τδ

40 2508 129 2587 λέγον
141 2502 209 2588 “pari
228 2499 320 2569 τάσιν
332 2496 440 2589 φωνῆς
459 2504 574 2590 νοὴοης
590 2502 645 2567 καί
660 2505 795 2585 μέγεθος
816 2506 941 2591 (χρῆμα
960 2502 1022 2589 γαρ
1038 2504 1134 2587 α’νοὶρ-

40 2625 155 2683 μοοτον
176 2599 278 2686 tyrsae
299 2597 318 2688 ἧ
340 2599 476 2691 κραυγή)
499 2600 581 2669 ἀλλὰ
596 2601 629 2668 τό
649 2603 827 2690 νοτρδντῆς
846 2606 984 2682 διανοίας
1004 2606 1060 2671 καί
1077 2601 1134 2689 την

117 2780 158 2815 τι.
176 2758 265 2821 οὕτως
283 2764 365 2815 ont>
449 2766 488 2819 13.
507 2764 556 2817 sul
572 2756 606 2815 τὰ
624 2760 682 2818 τοῖν
699 2762 719 2813 Ρ

44 2929 168 2981 <lominus
197 2930 227 2981 in
249 2929 472 2983 sollicitationem
496 2929 607 2996 iuriditr
633 2946 774 3000 precemur
800 2928 836 2982 ob
857 2944 917 2982 oum
935 2936 1046 2983 matrem
1065 2928 1133 2983 dei.”

46 3000 87 3052 luis
114 2998 233 3061 auditis,
257 3001 427 3054 lacrimantes
455 3001 489 3053 ad
509 3018 568 3054 eam
585 3012 760 3055 accurrerunt
778 3016 859 3073 quum
878 3000 1014 3071 reliquas,
1031 3010 1088 3053 tum
1106 3002 1135 3055 ln

44 3073 136 3143 primis
152 3072 247 3123 matris
263 3088 340 3125 meae
357 3090 470 3125 sorores.
489 3090 551 3124 nam
568 3072 653 3125 altera
677 3088 787 3159 quoque
810 3089 884 3125 soror
902 3079 996 3142 postea
1014 3089 1042 3125 se
1060 3072 1136 3124 iece-

45 3152 85 3195 rat
102 3142 264 3195 monachum
291 3144 420 3215 illiusque
448 3161 478 3195 ss
509 3145 662 3196 subiecerat
682 3146 804 3214 ampetio.
822 3144 917 3214 itaque
943 3141 1009 3195 haec
1027 3159 1137 3215 quoque

45 3230 103 3265 τιυα
121 3214 241 3266 lacrimis
255 3216 385 3277 accurrit,
407 3231 555 3285 quaerenss
569 3214 587 3235 “
608 3215 657 3267 uitl
675 3215 746 3267 illud
765 3222 821 3278 est,
840 3214 915 3285 quod
940 3214 1023 3277 dicis,
1045 3222 1137 3267 saneta

46 3284 155 3337 domina
172 3282 309 3337 nostra?”
331 3294 359 3338 at
372 3286 435 3337 illa:
452 3284 507 3338 “ne
526 3232 739 3350 tumultuamini,
762 3286 868 3357 iuquit5
890 3285 937 3355 qni
950 3284 1137 3337 sollicitationi

46 3356 132 3407 locam
158 3354 236 3408 dedit
260 3354 342 3418 deus,
361 3354 487 3409 eiusdem
514 3358 593 3409 etiam
611 3358 777 3427 praesidium
806 3365 834 3409 et
851 3355 998 3407 remedium
1016 3365 1137 3425 praestu-

45 3424 109 3478 lrit.”
125 3428 222 3497 itaque
239 3428 305 3479 illae
321 3426 418 3480 flentes
429 3437 541 3479 matrem
555 3426 600 3479 dei
614 3428 797 3499 implorabunt
812 3426 1042 3497 celebrabantque
1059 3425 1137 3494 hym·

45 3497 92 3549 ais.
111 3498 166 3549 hac
183 3514 214 3549 re
239 3496 308 3568 quid
324 3507 417 3568 potest
436 3515 495 3551 esse
518 3498 644 3550 disertius
671 3499 781 3552 virtutis
801 3498 965 3567 pietatisque
985 3498 1137 3551 testimoui-

45 3570 108 3622 um?
126 3569 168 3620 ita
185 3568 270 3637 igitur
287 3586 371 3639 quum
390 3570 486 3641 pulcre
507 3570 621 3621 vixisset
638 3578 667 3622 et
683 3570 886 3621 sanctimoniam
906 3568 964 3620 sius
982 3570 1079 3621 multis·
1094 3586 1138 3622 re-

44 3638 93 3690 lms
114 3648 232 3692 testatus
251 3648 325 3692 esset
343 3640 427 3706 deus,
446 3638 557 3694 tandem
583 3657 654 3692 mors
673 3641 699 3691 ei
718 3640 835 3709 gloriosa
853 3655 941 3691 sorum
959 3638 1066 3693 domino
1086 3639 1138 3693 ob-

45 3712 119 3779 tigit,
138 3726 227 3780 qnae
257 3709 337 3762 rebus
363 3710 487 3765 humanis
508 3711 631 3763 excessit
649 3726 712 3761 nana
739 3726 822 3779 quum
841 3710 939 3762 leviter
955 3710 1061 3781 aliquot
1079 3710 1138 3765 dies

46 3788 210 3850 aegrotasset
228 3790 258 3834 et
275 3782 422 3834 monachas
439 3781 619 3835 communiter
636 3779 671 3831 ad
689 3782 817 3833 virtutem
839 3789 909 3832 asset
927 3779 1073 3844 cohortata,
1092 3799 1139 3835 so-

47 3870 129 3904 rorem
151 3852 247 3905 matris
264 3869 360 3915 mese,
377 3870 448 3923 quae
466 3855 495 3905 iu
515 3854 574 3905 eius
595 3851 750 3919 integritate
774 3851 905 3904 imitanda
923 3860 952 3904 et
968 3853 1139 3907 subiectione

65 3924 127 3975 rima
147 3932 227 3986 erat,
247 3931 277 3975 et
294 3924 386 3975 omnia
403 3927 432 3976 in
451 3924 521 3977 cella
539 3924 615 3974 illius
640 3921 822 3993 procurabat,
841 3924 870 3975 in
886 3924 974 3978 lusum
992 3942 1069 3979 aurun
1090 3925 1140 3979 ale-

46 3940 128 4063 δορίις
148 3992 252 4046 alsinda
270 4002 400 4065 tauquam
418 3994 511 4047 divino
530 3993 627 4047 efflatu
644 3994 779 4045 concitata
797 3993 917 4060 sedebat,
937 3997 1034 4049 clausis
1054 3998 1141 4050 oculis

48 4073 76 4117 et
94 4064 176 4117 labiis
196 4064 233 4117 ad
257 4064 303 4117 dei
321 4065 416 4118 laudes
434 4073 463 4119 et
479 4066 623 4134 gratiarum
649 4066 770 4120 actiones
789 4082 894 4136 semper
911 4069 999 4121 motis.
1018 4067 1143 4121 servabat

50 4136 121 4189 enim
148 4137 263 4190 omniuo
291 4145 384 4191 sancta
409 4136 493 4201 lsaeo,
520 4135 594 4207 quod
621 4144 699 4207 pater
716 4153 798 4189 aurea
822 4136 903 4193 rerba
921 4138 1039 4192 lundens
1058 4138 1139 4190 dicit:
