2675 4584
148 185 151 192 ’
238 201 321 304 ι48
556 227 729 322 onolton
760 225 1001 291 suntme

233 373 484 453 ον’θειτόποολος
509 375 527 440 6
546 375 607 459 κάρ
631 379 753 457 Θωμᾶς
778 374 812 441 τὸ
835 378 895 439 τοῦ
917 378 1086 459 πριγκίπου
1108 376 1338 457 Κεντηρίοονο·

231 479 419 559 πτολίεθρον
445 472 502 558 τὴν
522 473 763 558 Χαλατρίτζαν,
790 477 847 539 τοῦ
879 478 934 539 καί
960 478 1127 554 μετέπειτα
1159 470 1338 555 γεγονότα

230 578 390 661 πενθεροῦ
409 575 532 657 adrat,
561 571 756 658 ἐπολιόρκει·
806 570 825 637 6
860 577 895 639 δὲ
919 574 1073 656 αιίθέντιγς
1090 595 1155 654 μου
1182 568 1261 653 ἅμα
1290 596 1337 659 τρι

230 676 361 763 ιῖέελφρ]
379 673 482 738 αότοῦ
509 670 681 759 διήρχοντο
703 671 758 737 διά
778 676 835 757 τῆς
856 672 934 737 ὃόοῦ
957 676 1012 756 τῆς
1039 673 1085 747 είς
1104 670 1250 753 Πάτραν
1272 695 1335 756 φε-

230 777 366 860 ρούσης·
408 771 616 849 κατελθόντες
635 767 693 837 οὖν
725 774 893 854 ἐμείναμεν
914 771 998 852 ὁμοῦ
1022 772 1068 846 εἰς
1085 770 1144 856 τὴν
1165 770 1333 850 Καμενί-

229 878 320 954 τζαν.
337 868 525 948 ’ίιοοννίκιος
549 871 693 948 Βαλότας
714 866 772 939 οὖν
793 868 810 934 6
830 875 889 936 rori
907 875 1074 956 πριγκίποο
1094 872 1197 935 ἐκεῖσε
1219 862 1337 953 ἅρχων

229 973 274 1051 ὥς
295 973 396 1054 ἔμαθε
426 977 541 1051 τοῦτο,
572 970 708 1055 αἰτήσας
738 974 916 1058 ἀφιέρωσιν
944 972 996 1035 ΐνα
1024 971 1230 1054 άμφοτέροος
1257 966 1337 1041 τούς

229 1074 386 1148 αιίθέντος
416 1068 496 1161 ἔλθῃ
527 1074 743 1156 προσκυνῆσαι
773 1071 903 1150 oriende,
936 1070 992 1135 καί
1020 1066 1123 1133 ἐλθόν
1145 1062 1250 1143 eri-‘iric
1272 1064 1337 1143 τάς

212 1175 286 1238 ’τοῦ
305 1176 494 1257 πτολιέθρου
511 1178 595 1245 κλεῖς
615 1168 758 1253 ἐκβαλών
770 1171 886 1235 δέδοικε
901 1171 1018 1243 ταύτας
1032 1170 1076 1255 τῷ
1097 1166 1242 1256 αόθέντῃ
1265 1192 1334 1247 μοι’

228 1275 274 1360 τῷ
294 1270 438 1359 δεσπότῃ,
463 1268 561 1336 είποόν
579 1265 694 1334 “rosisti
708 1272 775 1336 ἐστι
795 1268 978 1354 πτολίεθρον
994 1270 1082 1342 ἰδίας
1094 1272 1154 1331 τοῦ
1166 1268 1332 1331 ου’θέντοο

227 1396 291 1454 μου
302 1376 358 1437 καί
369 1370 574 1456 σογγάμβροο
581 1373 638 1454 τῆς
645 1372 811 1451 βασιλείας
823 1368 901 1435 σοο”
911 1375 923 1454 (
927 1368 982 1433 καί
986 1368 1048 1452 γάρ
1060 1369 1078 1432 6
1089 1372 1146 1432 sori
1155 1371 1334 1453 πριγκίποο

228 1469 298 1549 viic
311 1474 485 1554 προέλαβεν
496 1472 541 1547 είς
554 1466 688 1550 νόμιμον
698 1478 831 1552 γυναῖκα
843 1466 899 1551 τὴν
910 1465 1053 1553 ἀδελφὴν
1067 1472 1123 1551 τῆς
1136 1470 1335 1550 βασιλίσσης

229 1572 342 1653 κυρίας
364 1570 562 1653 Θεοέάρας),
577 1564 642 1644 “ὁ’ς
659 1592 715 1649 μοι
734 1570 920 1651 προσέταξεν
938 1568 989 1631 ἵνα
1015 1564 1200 1649 παραβάσει
1231 1569 1334 1632 τοῦτο

231 1674 270 1757 τῇ
289 1672 433 1756 βασιλείᾳ
454 1670 541 1734 σον.”
582 1667 598 1732 6
621 1671 656 1734 δὲ
678 1665 863 1753 α’ποιιριθείς
883 1660 968 1732 εἶπεν
989 1666 1076 1756 αίτρῖ
1090 1662 1216 1743 “nitore
1240 1665 1332 1749 ἔχει,

232 1764 280 1833 ὅτι
302 1772 472 1851 συγγενοῦς
492 1766 555 1849 μοό
589 1771 676 1834 ἐστιν
697 1765 715 1830 6
736 1770 876 1842 τοιοῦτος
903 1762 1016 1847 τόπος,
1047 1766 1115 1830 ἀλλ’
1135 1764 1178 1831 ον’
1199 1788 1331 1849 γνησιε-

230 1871 345 1949 στὲροο
368 1870 427 1931 τοῦ
461 1870 604 1952 ἀδελφοῦ
624 1888 698 1947 μου.
756 1862 865 1931 λοιπόν
894 1868 924 1931 εί
954 1869 1195 1951 προγενέστερον
1224 1864 1332 1931 έποίει

230 1969 346 2047 τοῦτο,
380 1962 398 2028 6
431 1964 570 2051 ἀδελφός
589 1988 652 2046 μου
685 1971 752 2029 κατ’
772 1966 854 2046 ἐμοῦ
885 1964 943 2028 αίκ
962 1966 1170 2048 ένεχειρίζετο
1192 1962 1334 2030 οόέὲνδ

231 2062 292 2147 έγά
314 2058 422 2147 εἶχον,
443 2066 499 2127 καί
517 2061 616 2140 αιίτός
636 2066 691 2127 καί
709 2060 727 2127 6
758 2066 912 2149 ου’θὲντης
931 2087 990 2128 σου
1015 2062 1218 2149 άλλοτρόπὸς
1241 2060 1333 2145 εἶχον

231 2161 322 2227 oded.
344 2162 385 2227 τά
407 2167 464 2229 νῦν
485 2153 543 2228 οὖν
563 2165 593 2228 εἰ
615 2158 792 2245 παραλάβω
814 2161 908 2247 oriri,
930 2162 1050 2249 ἀνάγκη
1071 2164 1156 2229 ἐστίν
1179 2164 1233 2229 ἳνα
1256 2167 1333 2227 dra-

232 2261 409 2350 φεράμεθα
429 2262 589 2344 μετότοῦ
609 2264 753 2347 α’έελφοῦ
773 2286 857 2345 μου,
888 2266 943 2327 καί
964 2260 1001 2327 od
1023 2264 1174 2348 τυγχάνει
1195 2262 1252 2328 διά
1273 2288 1333 2327 πο-

232 2364 273 2428 λά
292 2387 345 2445 τι,
380 2366 484 2448 πολλῷ
509 2366 629 2443 μᾶλλον
649 2360 703 2427 διά
724 2364 885 2428 τοσοῦτον.
936 2365 1004 2427 ἀλλ’
1025 2356 1145 2428 άπελθε
1164 2363 1199 2427 έν
1220 2366 1333 2451 ου’τρῖ,

232 2461 288 2528 καί
306 2462 350 2539 ὦς
381 2460 518 2528 όόνοσαι
552 2462 714 2546 ποιίγσον.”
759 2460 803 2536 οἶς
829 2454 887 2527 οὖν
913 2455 1029 2545 ἤκουσε
1053 2465 1175 2541 τοῦτο,
1212 2454 1334 2549 Ιἦτιγσεν

231 2562 285 2629 ἵνα
306 2561 431 2640 ἀκάκως
457 2563 585 2651 εἰσέλθῃ
618 2566 650 2627 έν
677 2563 721 2649 τῷ
749 2562 857 2634 adseri·
875 2565 1062 2651 πτολιέθρῳ.
1111 2566 1333 2647 προσταχθείς

302 2738 327 2789 5.
346 2738 462 2809 ἔμειναν
479 2736 509 2789 Μ
590 2738 617 2789 6.
634 2736 766 2805 Ἰωάννης
785 2732 836 2793 οὖν
852 2738 996 2800 Βάλοντας
1015 2739 1035 2790 Ρ
1128 2760 1152 2809 7·
1171 2758 1220 2810 pro
1240 2740 1331 2813 άφιί-

304 2824 396 2880 ρωσιν
413 2809 503 2859 locum
518 2826 632 2861 vacuum
645 2810 665 2861 P
742 2825 779 2860 tn.
800 2810 897 2880 ἔλαβεν
915 2810 934 2861 Ρ
1020 2814 1059 2868 ¹5·
1078 2807 1094 2866 6
1112 2808 1199 2869 τόπος
1218 2802 1332 2875 οὗτοςΡ

305 2898 348 3002 pp
366 2882 512 3021 ἱγῦειιρλὲετα
527 2882 548 2934 Ρ
673 2882 712 2935 18.
733 2872 818 2941 αὐτὸς
833 2886 884 2934 καὶ
899 2897 942 2933 om
961 2880 981 2933 P
1097 2879 1295 2954 άλλεοτρόπως
1312 2886 1332 2939 Ρ

238 3113 362 3165 dominus
387 3111 557 3166 Centrrionir
583 3112 732 3182 principis,
759 3114 834 3164 cuins
852 3112 924 3164 idern
942 3120 1038 3183 postea
1056 3130 1139 3182 gener
1157 3116 1243 3168 lectus
1267 3128 1332 3181 est,

238 3182 399 3255 oppidulum
420 3181 608 3234 Chslntritznm
636 3181 788 3235 obsidebat.
822 3183 946 3235 dominus
964 3184 1047 3251 igitur
1072 3202 1146 3237 meus
1166 3186 1332 3242 cumfratre

238 3258 342 3309 Patrem
363 3255 506 3323 processit,
535 3252 747 3323 divertimusque
770 3268 822 3304 uns
845 3270 937 3307 omnes
955 3255 1142 3309 Camenitznm.
1170 3258 1264 3328 itaque
1287 3264 1332 3311 lo-

240 3326 382 3377 lsnnnieius
399 3324 521 3385 leotss,
549 3323 637 3393 princi
659 3326 681 3375 is
705 3324 744 3375 ibi
766 3334 942 3393 procurator,
964 3325 1011 3376 ubi
1034 3325 1085 3377 hoc
1104 3326 1213 3389 didicit,
1231 3340 1332 3397 postu-

241 3398 296 3448 lntn
316 3396 489 3457 admissione,
515 3393 606 3445 ambos
632 3342 756 3445 dominos
780 3394 919 3447 adoratum
942 3396 1033 3458 venit,
1062 3405 1090 3448 et
1117 3397 1191 3448 illico
1208 3401 1334 3466 prolatas

242 3466 339 3535 oppidi
355 3466 444 3516 clnves
462 3464 606 3533 despotne,
638 3466 748 3517 domino
768 3483 844 3527 meo,
863 3465 905 3518 his
931 3465 1020 3518 verbis
1038 3464 1161 3519 tradidit:
1179 3466 1332 3539 “oppidum

243 3537 295 3588 hoc
314 3537 453 3606 proprium
477 3543 518 3586 est
536 3534 647 3586 domino
668 3553 730 3588 meo
751 3537 900 3589 maiestatis
920 3546 984 3589 tuae
1010 3535 1103 3587 affin?
1122 3538 1232 3607 (etenim
1251 3545 1332 3610 prin-

243 3608 311 3676 cipis
327 3608 399 3658 tilius
420 3622 538 3657 sororem
552 3606 716 3658 Theodorne
734 3608 909 3677 imperatricis
935 3608 1062 3675 legitimis
1081 3610 1185 3677 nuptiis
1202 3609 1332 3665 sibicon-

245 3678 395 3747 iunxerat),
421 3678 469 3747 qui
493 3676 629 3729 mandavit
649 3676 730 3739 mihi,
752 3687 782 3729 ut
802 3677 934 3730 maiestati
962 3686 1024 3729 tune
1048 3677 1077 3729 id
1106 3678 1259 3732 detlerem.”
1290 3704 1332 3736 η.

245 3746 362 3815 spondet
373 3748 582 3799 Constantinus:
600 3747 663 3797 “ita
690 3764 779 3800 seres
802 3747 898 3812 habet,
924 3748 998 3800 locus
1018 3751 1068 3799 iste
1094 3750 1179 3801 affinis
1199 3754 1252 3804 mei
1273 3766 1333 3819 est,

245 3834 301 3867 non
319 3817 407 3868 t‘rntris
424 3817 491 3869 milri
512 3819 684 3886 cognatioris.
719 3827 837 3870 ceterum
865 3820 887 3870 si
919 3822 992 3889 prius
1019 3818 1070 3870 hoe
1097 3821 1218 3885 fecisset,
1246 3824 1333 3879 l'rater

246 3904 321 3937 meos
340 3888 426 3950 nihil,
457 3888 530 3959 quod
549 3905 598 3956 ego
625 3897 760 3951 tenerem,
778 3898 871 3941 contra
898 3907 941 3941 me
962 3901 1122 3959 occuparet,
1140 3900 1221 3960 atque
1238 3894 1334 3950 illest

247 3957 373 4027 princeps
394 3967 455 4009 tuus
474 3958 641 4009 incommode
658 3958 686 4010 id
705 3958 844 4012 tenebant.
870 3978 943 4012 nunc
960 3968 1050 4011 sutem
1068 3962 1090 4012 si
1111 3963 1240 4031 oppidum
1258 3970 1332 4020 acci.

248 4029 306 4096 pio,
324 4028 396 4079 inter
414 4046 457 4079 me
478 4030 643 4097 fratremque
660 4046 749 4081 meum
768 4028 909 4083 dissidium
928 4032 1026 4083 exoriri
1046 4048 1155 4084 necesse
1177 4042 1234 4097 est,
1280 4040 1332 4091 uod

249 4115 284 4150 ne
305 4114 416 4167 magnae
435 4098 544 4169 quidem
562 4100 602 4151 rei
616 4116 715 4165 csuss,
738 4102 837 4157 nedum
863 4102 986 4156 tantillae
1011 4100 1068 4153 fieri
1094 4111 1210 4174 oportet.
1231 4056 1282 4161 sed
1307 4121 1333 4165 tu
