2675 4584
272 213 326 273 nn
354 207 730 274 cousrsuuraoron
760 205 1019 274 eoeneum.
1097 179 1181 304 475

91 355 321 444 σφοδροτάτου
342 361 549 444 συρραγέντος
568 363 707 441 πολέμου
721 361 776 423 uui
794 347 1106 444 ιιαρτεραιτάτηςτῆς
1124 353 1186 438 μά-

92 481 167 541 χης
188 462 240 543 ἐφ’
258 455 365 541 ἱκανῆς
380 481 413 523 τε
428 462 483 543 τῆς
501 454 589 542 cipue
607 461 721 523 πολλοὶ
734 461 770 524 ἐν
788 461 850 523 τάν
868 456 926 521 du'o
940 463 1045 540 μερῶν
1066 455 1186 540 &ludoi-

92 561 210 640 θησαν
231 559 286 622 ναί
305 558 474 622 α’πέθανον.
499 556 535 622 τά
557 561 593 623 δέ
611 559 844 642 α’νατάπληκτον
861 562 923 622 τῶν
947 553 1185 641 άνιλριιιωτάτων

94 655 162 719 κατ’
177 653 399 739 γενναιοτάτων
425 657 589 740 Ῥωμαίων
617 657 741 732 δειλούς
758 660 812 722 uui
828 654 978 740 τρεπτοάς
997 653 1070 732 τούς
1089 659 1183 720 Μου-
1191 663 1218 716 Ρ.
1233 678 1278 732 ¹97

55 754 303 834 ὅσουλμάνους
323 757 497 833 α’πέδειξεν.
540 758 596 820 ναΐ
615 755 689 832 τούς
707 760 767 838 μὲν
785 757 1008 838 α’ναβαίνοντας
1028 751 1109 835 μετά
1128 757 1184 837 τῆς

97 850 228 938 φάλνας
246 854 349 917 ἐπάνω
371 857 430 918 τοῦ
452 851 514 929 ἔξω
541 853 676 940 νάστροο
699 855 756 931 τάς
776 852 915 942 κεφαλάς
937 854 1091 934 ἀπέτεμον
1108 850 1181 917 rosi.

94 975 167 1015 των
185 953 241 1016 καί
259 951 339 1036 πρὸς
357 956 491 1036 βασιλέα
512 951 637 1040 ἔφερον,
659 953 735 1030 τούς
756 957 792 1020 δέ
813 948 1088 1033 Μουσουλμάνους
1109 952 1182 1028 roric

97 1043 219 1126 ἄλλους
236 1051 310 1127 τούς
329 1053 528 1136 ἐτρυποῦσαν
541 1052 578 1118 τὸ
598 1053 734 1138 κάοτρον
753 1056 809 1119 νοΐ
826 1051 901 1128 roric
921 1051 1080 1134 πύργους,
1106 1053 1182 1118 dad-

98 1173 222 1215 ντεινον
243 1149 329 1227 ἐντὸς
352 1155 398 1229 εἰς
415 1149 473 1226 τάς
493 1150 625 1237 τράπας.
665 1153 704 1218 τά
727 1156 762 1217 δέ
782 1154 888 1236 πλήθη
907 1149 944 1216 τά
967 1145 1047 1216 cilia
1071 1149 1110 1215 τά
1130 1175 1181 1235 γε·

35 1271 87 1313 10
98 1252 308 1334 γαυριοομένα
329 1254 385 1315 καί
404 1252 563 1339 ἐπηρμένω
584 1257 648 1317 τῶν
663 1252 809 1336 Τοάρκιον
828 1247 992 1333 diuidamus
1006 1249 1183 1336 ἐφόνευσαν

98 1349 246 1430 ἐδίωξαν,
267 1353 324 1414 uus*
339 1347 380 1414 τά
394 1349 545 1433 πολεμικά
566 1355 622 1416 sus*
632 1350 847 1433 μαχιμάτατα
870 1348 987 1414 τούτων
1008 1349 1084 1435 ἔργα
1107 1351 1184 1435 ἐπή-

12 1436 21 1447 ’
99 1471 189 1532 ραοι.
242 1451 298 1513 καί
315 1447 359 1532 μὴ
393 1451 486 1532 μόνον
505 1449 536 1514 οἱ
561 1453 752 1535 στρατιῶται
780 1446 881 1514 καλοῖ
902 1447 1105 1532 ἐπιστήμονες
1124 1451 1183 1514 τοῦ

97 1550 240 1628 πολέμου
260 1547 440 1632 εἰργάζοντο
458 1551 567 1631 ταῦτα,
586 1550 667 1614 α’λλά
690 1549 746 1614 ναΐ
764 1555 817 1634 τῆς
836 1553 994 1624 πολιτείας
1016 1544 1046 1611 οἱ
1065 1541 1182 1632 άρχυν-

97 1669 155 1720 τες
174 1647 229 1711 καί
249 1649 308 1730 τῆς
325 1644 436 1732 γάρος
467 1647 495 1713 οῖ
523 1649 727 1733 ἐπιστήμονες
755 1651 811 1714 καί
835 1629 869 1714 τά
893 1647 997 1713 κοινάν
1025 1642 1109 1712 άπαν
1129 1651 1210 1714 uuili

41 1743 166 1809 15roiu
186 1742 296 1828 ἱερέιον
324 1750 380 1810 καί
397 1749 461 1812 τάν
479 1751 627 1830 μοναχιόν
653 1745 692 1812 τά
713 1745 895 1832 συστήματα
918 1749 973 1813 καί
988 1751 1052 1813 τοῖν
1073 1749 1181 1833 α’ρχιι-

99 1847 184 1928 ρέοον
205 1841 236 1909 οῖ
256 1849 428 1928 κρείττονες
446 1848 502 1910 aui
520 1851 735 1929 πνευματικῶν
754 1851 814 1913 τῶν
836 1847 931 1913 άοιίον
953 1845 982 1912 οἱ
1002 1846 1178 1914 άοιιάτατοι·

98 1941 157 2007 καί
175 1946 238 2008 τάν
270 1941 330 2022 ἔξω
347 1945 462 2030 χαράν
492 1944 521 2012 οἱ
542 1941 706 2032 ἄνθρωποι
734 1949 886 2031 τολμηροὶ
904 1951 1107 2031 solymarius
1126 1949 1182 2010 καί

98 2043 331 2128 περιφρονηταί
347 2049 410 2108 ταῖν
439 2048 564 2130 πληγῶν
589 2050 645 2111 καί
671 2047 863 2132 τραυμάτων
884 2045 937 2111 κατ’
954 2050 1016 2112 τάν
1035 2043 1180 2110 θανάτων

99 2141 274 2227 ἐφάνησαν.
328 2142 408 2209 α’λλά
435 2147 491 2210 καί
518 2154 662 2229 γυναῖκες
691 2149 804 2210 πολλοὶ
831 2149 875 2222 εἰς
898 2145 1014 2230 άνδράς
1040 2141 1180 2230 θάρσους

45 2238 392 2325 αομιταλλαττόμιναι
419 2246 475 2309 ἐπὶ
506 2250 562 2312 τοῦ
595 2249 734 2327 πολέμου
764 2243 821 2329 την
857 2241 944 2327 eique
974 2241 1180 2332 φριντοτάτην

100 2342 223 2426 ἐκείνην
243 2343 299 2405 ουίι
323 2337 553 2429 άπεκράβησαν,
576 2347 651 2410 aridi
665 2344 708 2420 ὥς
729 2353 871 2428 γυναῖκες
891 2345 1079 2425 territurus,
1100 2342 1182 2408 α’λλά

100 2443 158 2504 uui
174 2446 294 2523 μᾶλλον
310 2447 367 2507 τοῦ
380 2447 517 2525 πολέμου
539 2443 596 2530 τὴν
610 2440 699 2527 άραν
719 2446 765 2521 εἰς
787 2441 822 2508 τά
845 2441 905 2523 ἐξω
926 2441 1059 2528 κάστρον
1077 2439 1182 2529 ἐφθα-

101 2563 171 2622 σαν,
191 2539 246 2605 καὶ
260 2539 295 2606 αῖ
315 2546 374 2624 μὲν
397 2546 514 2629 πέτρας
526 2548 572 2620 εἰς
586 2542 622 2608 τά
641 2552 746 2626 τοῖχος
759 2522 914 2627 άνέβαζον
934 2541 1012 2626 πρὸς
1032 2541 1106 2618 τοὺς
1125 2563 1181 2606 πυ-

101 2637 252 2721 λεμιστάς
277 2643 340 2708 τάν
363 2642 540 2728 ‘l'oruus‘suu²
561 2642 617 2710 ντὶ
635 2643 831 2730 ηέιλριίιοναν
853 2640 980 2726 αὐτούς,
999 2642 1055 2706 uui
1075 2640 1180 2706 άθοῠ-

102 2967 156 3005 una
166 2969 231 3006 voce
242 2959 271 3006 et
282 2953 394 3024 impetu,
404 2955 574 3026 clamoreque
583 2955 612 3006 iu
622 2953 713 3007 hostes
728 2953 884 3024 irrumpere,
898 2960 926 3005 et
935 2951 1089 3005 saevissimo
1099 2968 1179 3022 pros-

101 3024 141 3075 lio
159 3025 301 3076 commisso
320 3033 348 3076 et
363 3023 494 3078 dirissimo
513 3024 639 3078 condictu
650 3025 685 3077 ad
698 3025 804 3094 longam
816 3025 907 3076 horam
917 3024 996 3076 multi
1016 3040 1049 3075 ex
1065 3031 1179 3094 utraque

101 3103 179 3164 parte
197 3095 331 3146 vulnerati
340 3104 453 3148 mortem
473 3095 558 3148 obire.
575 3095 683 3150 taudem
694 3097 888 3167 imperterritus
906 3095 1130 3148 ualidissimorum
1152 3103 1180 3146 et

102 3165 362 3233 generosissimorum
371 3167 548 3219 Romanorum
560 3169 853 3220 animusldusulmanos
865 3168 960 3219 timore
974 3167 1077 3217 incusso
1088 3163 1179 3235 proili-

102 3235 182 3304 gasit.
200 3250 291 3286 eornm
302 3239 349 3306 qui
360 3255 419 3289 cnm
431 3239 500 3289 ialca
508 3239 686 3291 ascenderant
697 3239 812 3292 exterius
824 3248 937 3291 castrum
947 3243 1082 3305 amputata
1093 3235 1181 3305 capitu

103 3303 138 3356 ad
154 3305 342 3375 imperatorem
362 3309 451 3361 delata
465 3319 542 3362 sunt:
561 3312 607 3380 qui
627 3320 740 3362 castrum
753 3319 892 3380 turresque
910 3307 1091 3378 perforabant,
1109 3307 1180 3358 inter

102 3378 161 3446 ipsa
178 3375 308 3429 foramina
325 3380 510 3432 contrucidati.
529 3381 650 3433 examina
667 3382 721 3434 alia
733 3381 878 3432 Tuscorum
897 3379 1010 3449 superba
1028 3394 1059 3429 ac
1076 3375 1178 3430 tumida

5 3469 12 3482 ·
102 3446 257 3499 vulneribus
274 3450 455 3514 coniecerunt,
475 3452 505 3502 in
523 3452 611 3520 iugum
633 3460 779 3514 verterunt,
798 3467 943 3522 eorumque
962 3449 1062 3502 bellica
1079 3449 1178 3500 instru-

102 3528 192 3570 menta
210 3536 241 3570 ac
258 3520 393 3572 machinae
412 3521 569 3593 depraedati
585 3529 656 3574 eunt.
692 3539 781 3591 neque
794 3531 897 3574 tautum
916 3522 1016 3573 milites
1037 3527 1065 3572 et
1081 3519 1178 3590 pugnis

103 3590 213 3642 exerciti
230 3589 297 3642 baec
313 3593 502 3660 operabantur,
521 3592 610 3644 sedet
626 3594 664 3646 rei
677 3592 801 3662 publicae
818 3593 869 3646 viri
881 3593 1014 3662 principes
1026 3599 1053 3643 et
1064 3589 1181 3643 civitatis

103 3662 182 3730 periti
204 3669 232 3713 et
248 3661 416 3715 sacerdotnm
435 3665 592 3715 universitas
612 3672 640 3716 et
659 3663 849 3716 monachorum
870 3671 962 3715 coetus
983 3671 1011 3714 et
1029 3662 1179 3714 antistitum

104 3733 221 3800 potiores
235 3741 263 3785 et
279 3741 431 3786 sanctorum
443 3735 624 3786 confessorum
636 3735 778 3786 sacerrimi.
816 3741 941 3787 externae
962 3749 1071 3804 quoque
1088 3733 1176 3801 regio-

105 3802 145 3854 nis
164 3801 285 3856 bomines
304 3804 432 3875 impavidi
452 3813 480 3857 et
497 3807 619 3874 generosi
638 3813 666 3856 et
683 3806 817 3874 plagarum
831 3813 858 3857 et
875 3807 1014 3858 vulnerum
1033 3805 1178 3872 mortisque

106 3873 189 3942 ipsius
206 3883 404 3946 contemptores
415 3877 499 3946 agniti
517 3883 587 3927 sunt.
607 3877 754 3946 quinimmo
773 3876 918 3946 pleraeque
935 3875 1059 3928 mulieres
1077 3875 1180 3924 virilem

105 3943 241 3997 aradorium
267 3947 427 4009 induentes,
454 3946 579 3999 horribili
607 3947 655 3998 iila
679 3947 746 3999 beili
764 3955 922 4018 tempestate
947 3964 1000 3998 uon
1021 3965 1049 3998 se
1066 3943 1180 3995 abdide-

107 4022 173 4078 rant,
192 4033 280 4086 neque
298 4021 339 4069 uti
352 4020 477 4071 mulieres
495 4027 567 4070 metu
586 4019 725 4087 perculsae
743 4027 813 4080 sunt,
829 4019 909 4070 immo
929 4033 961 4068 eo
979 4019 1039 4086 ipso
1058 4025 1180 4082 tempore

107 4083 139 4136 ad
155 4087 272 4140 exterius
284 4096 398 4144 castrum
415 4090 553 4144 venientes
568 4091 666 4162 partim
679 4085 740 4144 sana
754 4089 860 4142 Graecis
875 4087 1052 4142 bellatoribus
1064 4087 1093 4138 in
1104 4098 1180 4137 mus·
