2675 4584
183 243 239 307 nu
253 239 617 310 mnemoncmsr
632 239 802 308 excluso
823 237 1049 308 ulunsnu
1079 199 1165 293 505

82 389 217 473 δόντες,
247 383 269 480 ᾗ
300 394 494 475 σαθρότερον
510 385 678 475 εόριοκον,
701 388 899 476 κατώρυττον
917 393 953 456 όν
972 389 1095 476 σπονδῇ
1115 382 1171 450 καί

84 494 304 573 κατόρριπτον.
346 493 402 556 καί
426 491 518 573 ἡμεῖς
545 494 586 578 τῇ
605 493 666 556 τῶν
685 493 787 573 βελῶν
811 494 959 577 συνεχείᾳ
979 491 1043 555 κατ’
1065 484 1171 550 οότῶν

83 582 161 651 οότε
183 593 294 666 λίθους
312 583 378 656 οὔτ’
399 583 475 656 ἄλλο
494 613 525 657 τι
538 591 678 666 δυνατῶς
699 589 826 674 εἴχομεν
845 589 990 674 όφιίναι·
1031 584 1170 667 τοσαότη

83 685 148 770 γόρ
168 680 207 771 ἦν
239 688 428 772 ἤσυνέχεια
449 689 568 755 τοότων
588 688 631 764 ῶς
655 691 730 754 ouidi
754 687 810 774 τη“ν
836 688 929 772 χεῖρά
951 709 999 762 τις
1016 681 1082 770 εἶχε
1106 686 1170 748 τῶν

47 785 243 864 5όπόλξεων
262 791 405 869 ἐκβαλεῖν
423 785 500 871 πρὸς
518 781 632 874 ἄφεσιν
653 792 755 852 λιθου.
778 789 910 852 τοσοῦτο
933 788 968 850 dl
978 783 1074 866 μόνον
1096 785 1169 850 ἑόν·

82 886 211 964 νόμεθα
234 885 361 967 πάντες,
380 893 515 969 πέμπειν
536 890 646 964 λίθους
666 886 699 962 ἐξ
719 887 862 973 όφανοῦς
885 883 966 950 sarri
987 887 1050 950 τῶν
1072 883 1169 966 όπερ·

83 987 228 1066 χομένονν
247 984 283 1050 τό
303 996 426 1069 τεῖχος,
446 986 490 1062 ῶς
510 979 549 1050 όν
565 990 620 1069 τῆς
633 985 686 1050 tsi
708 988 770 1050 τῶν
788 984 949 1066 κλιμάκων
964 982 1078 1049 α’νόόου
1097 980 1170 1046 sod·

81 1108 159 1161 τους
178 1083 360 1166 κωλόωμεν.
402 1089 457 1151 καί
476 1089 533 1150 οόκ
554 1079 595 1150 όν
614 1111 663 1163 τις
682 1086 716 1150 τό
737 1089 811 1169 παρ’
833 1083 922 1168 ἡμῶν
942 1081 1062 1168 ἔκρινεν
1080 1077 1170 1164 ἔργον

84 1188 249 1264 πολέμου·
290 1187 362 1250 τίνα
379 1183 440 1269 χόρ
462 1181 503 1250 τόν
522 1184 579 1250 καί
597 1182 731 1268 ἐπήγαγε
751 1184 872 1268 βλάβην
892 1187 982 1260 λίθος
1000 1176 1076 1246 ἄνευ
1096 1203 1170 1245 σκο-

22 1285 150 1347 ιοττοό
167 1285 338 1368 ἀφιέμενος
359 1288 395 1350 ἐκ
413 1283 522 1369 χειρός
542 1283 717 1369 ναρκῶσης,
737 1287 794 1349 soii
817 1287 991 1365 πέμποντος
1010 1275 1071 1364 οόχ
1090 1278 1170 1366 όρόν

81 1385 265 1464 δυναμένου
285 1384 364 1468 πρὸς
382 1387 452 1448 τίνα
473 1384 529 1448 καί
550 1386 595 1472 πῇ
620 1386 730 1450 τοῦτον
754 1383 868 1470 τίφίησι
879 1407 891 1464 ,·

171 1487 201 1548 Τ
198 1481 275 1570 αότη
286 1507 334 1548 τοι
353 1476 410 1548 οὖν
427 1485 490 1548 τῶν
503 1485 661 1562 πολεμίων
674 1480 726 1546 ost
749 1480 876 1546 πόντων
890 1481 1031 1565 ἰσχυρῶν
1050 1481 1171 1544 siccasse

82 1587 208 1667 μόνων,
234 1583 292 1648 τοῦ
308 1585 447 1664 πολέμου
467 1605 504 1648 τε
534 1585 691 1668 μηδαμῶς
712 1581 930 1662 όμελοόντων,
957 1584 1015 1644 καί
1045 1579 1171 1644 πόντων

82 1679 178 1766 ἡμῶν
197 1686 231 1748 όν
249 1680 380 1771 ταρόχερ
395 1674 499 1774 πολλῷ
519 1683 575 1748 καί
592 1682 682 1770 φόβην
698 1677 943 1764 καθεστηκότων,
966 1679 1019 1743 καί
1036 1682 1100 1743 τῶν
1112 1682 1172 1760 μὲν

27 1781 274 1848 eliminarunt
291 1785 347 1847 τοό
365 1789 512 1864 πολεμεῖν
529 1780 587 1847 τόν
606 1777 782 1864 Μουρότην
801 1774 1030 1858 όπονοοόντων,
1051 1780 1113 1842 τῶν
1135 1777 1172 1842 dl

85 1881 144 1964 τόν
163 1878 496 1965 ἡμετέρανόπῶλειον
516 1881 772 1966 προσδοκώντων,
795 1881 851 1944 καί
871 1881 1111 1958 όιατεινομὲνων
1127 1873 1169 1962 μη

86 1975 130 2044 τόν
147 1973 248 2055 ἄλλως
277 1981 426 2063 γενέσθαι
454 1975 550 2065 ἢτῆν
572 1976 665 2044 πόλιν
692 1978 829 2062 όλῶναι,
849 2015 893 2028 -
913 1973 1011 2052 οότως
1033 1969 1090 2042 οόν
1108 1979 1172 2042 τῶν

87 2076 283 2163 πραγμάτων
304 2077 578 2160 διακειμένωνκοί
594 2081 709 2163 πολλῆς
724 2082 758 2143 όν
770 2076 845 2162 ἡμῖν
865 2075 1049 2160 συγχύσεως
1063 2068 1171 2162 οόσης,

86 2183 152 2244 τῶν
170 2180 230 2259 μὲν
249 2176 329 2262 πρός
350 2175 387 2242 τό
408 2185 555 2258 πολεμεῖν
575 2177 651 2252 ἴσως
673 2177 923 2260 ἀσχολουμένων,
943 2180 1006 2240 τῶν
1019 2178 1055 2240 db
1073 2195 1171 2240 κατα·

25 2301 79 2346 20
86 2281 314 2362 repsonsum
335 2276 495 2360 καθότιοξ,
512 2273 627 2359 ἑτέρων
646 2279 683 2340 δὲ
701 2285 766 2352 τοῖς
787 2275 849 2340 όπό
871 2279 932 2341 τῶν
951 2277 1052 2357 βελῶν
1071 2271 1173 2358 τραό-

84 2399 186 2459 μασιν
209 2377 474 2459 ε’νοποθανόντων,
495 2379 586 2442 ἐνίων
606 2378 643 2442 rii
663 2379 719 2440 κοί
738 2377 918 2462 φευγόντων
942 2373 1003 2438 dud
1024 2378 1087 2440 τῶν
1107 2378 1230 2450 ces-345

82 2479 173 2561 χῶν,
193 2478 306 2566 μηκέτι
330 2478 437 2558 μένειν
463 2479 564 2544 ἐκεῖσε
583 2473 770 2560 δυναμένων
785 2473 858 2542 .όιιό
887 2478 944 2542 τοῦ
967 2477 1068 2556 diosc,
1088 2468 1171 2541 οότω

160 2675 200 2713 rs.
216 2661 331 2720 τοίνυνλ

86 2841 248 2907 tentumque
261 2839 512 2910 appropinquarunt
524 2846 619 2892 utnon
630 2853 716 2909 pauca
729 2853 761 2889 ex
778 2837 875 2905 ligneis
886 2835 1042 2904 sepimentis
1060 2833 1169 2887 disiice-

88 2916 161 2962 sent
180 2911 264 2959 etsie
281 2909 391 2978 quidem
401 2911 464 2961 isti:
482 2911 530 2978 qui
547 2909 670 2962 verosub
681 2907 989 2976 murnmsubrepserant,
1009 2905 1171 2976 putridiorei
1248 2942 1256 2962 ,

87 2987 179 3049 partes
199 2979 344 3045 diligenter
368 2979 542 3031 suffodientes
566 2981 625 3031 solo
651 2995 777 3049 sequere.
822 2995 873 3028 nos
897 2984 984 3028 nutem
1013 2967 1171 3046 edgitturusn

87 3049 248 3100 continuate
274 3050 427 3119 frequentia
451 3052 479 3100 in
499 3051 572 3121 ipsos
598 3067 689 3120 neque
706 3047 811 3118 lapides
827 3063 918 3117 neque
934 3047 1009 3099 allud
1027 3049 1171 3118 quicquum

86 3120 223 3190 prolicere
240 3127 411 3188 poteramus:
438 3137 499 3171 narn
519 3137 610 3173 esrom
637 3121 795 3172 assiduitate
820 3121 856 3170 'ne
882 3135 987 3170 manum
1006 3117 1113 3189 quidem
1136 3117 1171 3170 ad

85 3188 246 3241 niaciendum
273 3190 391 3259 lapidem
417 3195 510 3244 efferre
528 3192 637 3244 licebat.
684 3192 741 3243 sola
764 3191 876 3242 iscsrltus
895 3190 990 3252 inerat,
1009 3207 1043 3242 ex
1063 3188 1169 3242 occulto

87 3257 195 3328 lapides
212 3260 241 3310 in
259 3261 370 3329 eosqui
392 3279 481 3314 muros
511 3262 682 3315 adorirentur
698 3257 820 3325 mittere,
844 3269 874 3312 ut
889 3277 1001 3312 escensu
1020 3277 1068 3330 per
1084 3260 1170 3312 scnlss

88 3337 252 3382 arcerentur.
290 3340 318 3382 et
336 3331 438 3395 nullus,
456 3332 530 3403 quod
549 3351 563 3384 a
583 3335 663 3385 nubis
684 3333 835 3402 gerebutur,
855 3332 957 3384 lacinus
976 3331 1102 3382 bellicum
1120 3347 1169 3382 ex·

86 3402 247 3454 intimassetr
283 3417 362 3470 quarn
381 3405 453 3455 enim
480 3421 577 3456 nonam
598 3406 734 3456 intulisset
756 3405 824 3473 lapis
844 3403 922 3455 nullo
949 3419 1030 3471 scopo
1048 3403 1168 3466 emissus,

86 3489 170 3524 manu
189 3479 314 3540 torpente
326 3481 355 3524 et
366 3474 525 3539 eiaculante,
546 3491 598 3527 nec
615 3475 736 3540 ridente,
751 3475 786 3526 sd
804 3491 886 3545 quem
897 3473 1024 3542 dirigeret
1040 3481 1069 3524 et
1086 3477 1175 3544 quem'

86 3544 119 3595 in
138 3543 226 3593 locum
245 3545 457 3612 contorqueret?

159 3613 218 3664 lloc
254 3623 346 3683 ruptor
361 3613 483 3667 hostibus
506 3614 594 3667 modis
619 3617 744 3668 omnibus
771 3623 879 3668 strenue
905 3632 934 3667 se
960 3613 1113 3682 gerentibus
1142 3621 1172 3668 et

88 3699 205 3755 pugnam
246 3684 371 3752 ‘ligenter
393 3686 636 3756 prosequentibus,
655 3697 684 3739 et
703 3685 781 3738 nobis
798 3687 925 3738 omnibus
943 3685 1096 3737 discrimine
1113 3703 1172 3738 me·

87 3758 174 3824 tuque
189 3756 339 3823 prostratis,
367 3765 395 3807 et
410 3757 471 3808 nliis
489 3757 563 3809 bello
582 3758 661 3810 linens
687 3759 838 3825 positurum
855 3757 987 3808 Muratem
1009 3757 1171 3826 suspicanti·
1245 3813 1250 3821 ,

88 3823 149 3887 bus,
166 3825 228 3877 aliis
239 3835 360 3878 nostrum
371 3827 502 3878 excidium
516 3845 561 3879 exe
582 3827 733 3881 octantibus
749 3826 1031 3897 contendentibusque
1048 3845 1171 3896 prorsum

89 3894 184 3946 urbem
204 3897 363 3967 capiendam
381 3913 449 3950 esse.
485 3900 524 3950 sie
536 3845 614 3950 rebus
633 3915 662 3951 se
681 3897 851 3960 habentibus,
870 3906 898 3949 et
913 3898 992 3951 nobis
1007 3899 1169 3968 perturbatis

88 3975 119 4017 et
136 3964 279 4034 insigniter
295 3967 432 4030 conlucis,
453 3987 513 4020 cum
535 3971 634 4038 purtim
652 3986 758 4039 pugnae
783 3967 978 4033 incumberent,
996 3971 1091 4040 purtim
1112 3977 1169 4020 tor-

88 4044 187 4106 pentes
213 4047 377 4102 cessassent,
403 4041 500 4110 partlm
527 4041 683 4108 sagittarum
710 4040 808 4092 lctibus
832 4047 945 4092 mortem
973 4041 1169 4109 oppetiissent,

88 4109 220 4179 pertinse
245 4111 331 4177 nausis
347 4112 411 4182 luge
436 4127 495 4165 sese
522 4113 713 4184 surripuissent
733 4112 917 4184 continuoque
943 4113 1119 4182 surriperent,
1132 4111 1168 4168 ti-
