2675 4584
207 224 283 281 112
428 238 437 251 ⁰
510 222 683 287 GEORGil
711 220 952 285 euuAuTatss

198 369 272 457 περὶ
290 368 331 437 τοὶ
352 370 540 437 Κουτουλου
568 366 668 456 ήλδον
694 376 760 451 μετ’
779 374 900 438 ἐκείνου
921 374 979 449 ἕως
1003 373 1061 439 τοῦ
1082 371 1198 435 διπλοῦ
1219 374 1289 437 sib.

197 494 271 548 νος·
314 474 369 536 καί
388 473 429 536 δι’
449 466 587 554 ὅληςτζς
608 470 685 537 δδοῦ
703 471 815 551 ὥμιλει
835 467 991 557 ὃδμηριῖς
1009 468 1087 553 μετα
1105 472 1163 535 τοῦ
1181 477 1287 535 Λεον-

197 570 289 657 τάρη.
333 573 434 636 ἐκεῖσε
452 571 527 655 περὶ
546 569 601 635 τὸν
620 574 753 637 διπλοῦν
773 574 859 637 κίονα
881 568 998 657 εὑρέθη
1019 570 1074 634 καὶ
1094 566 1111 635 6
1132 568 1288 649 βασιλεδς

199 667 260 734 ndu
278 679 341 745 τοῖς
361 666 442 745 υἱοῖς
462 670 564 733 αὑτοῦ
584 668 618 735 ἔν
629 693 690 735 τινι
703 668 838 755 τριήρει,
855 668 982 753 ἔχοντες
995 668 1050 735 κατ’
1068 665 1179 754 ἑτέραν
1198 668 1289 753 ήτοι-

198 773 361 855 μασμένην
377 773 563 853 βασιλικῶς,
584 764 667 846 ὅπως
688 771 729 833 δι’
750 771 850 855 αδτής
873 770 984 858 ostien
1006 768 1022 833 6
1044 769 1184 853 α’μηροῖς.
1226 768 1315 847 ips-5

195 870 258 947 βὰς
279 862 336 933 οὖν
360 865 378 933 6
398 871 526 954 α’μηριῖς
547 870 581 933 ἒν
602 871 677 956 τῇδε
696 871 733 955 τῇ
754 868 894 952 τριήρει,
916 868 993 952 πρὸς
1015 865 1171 953 ἀλλήλους
1192 866 1227 930 ἐν
1244 867 1287 951 τῇ

195 963 342 1054 θαλάσση
379 971 632 1052 χαιρετισδὲντες
666 964 893 1052 ήσπιὶσθησαν,
921 968 1050 1043 ἕκαστος
1080 968 1115 1031 ἒν
1146 967 1184 1050 τῇ
1217 964 1286 1050 tue

195 1064 316 1154 τριήρει
337 1061 400 1133 ὄν·
442 1070 497 1133 καί
518 1066 699 1147 ὁμιλοῦντες
712 1060 810 1151 ήλδον
826 1060 903 1149 ἄχρι
923 1070 977 1151 τής
995 1067 1113 1142 Ἀσίας
1134 1056 1205 1150 ήιοι
1227 1067 1286 1149 τῆς

196 1169 349 1251 α’νατολής
373 1172 494 1251 πέραν,
517 1163 597 1230 ὅπου
629 1164 670 1233 τὰ
688 1170 744 1231 νῦν
763 1164 920 1251 Σκοδτιιρι
940 1163 1148 1249 ὀνομάζεται,
1168 1164 1283 1251 πρότε-

194 1291 250 1351 ρον
272 1269 308 1333 δὲ
328 1264 544 1350 Χρυσόπολις.
602 1270 717 1342 ἐκεῖνος
736 1268 796 1350 μὲν
816 1264 953 1345 ε’ξελθοδν
970 1268 1025 1351 τῆς
1043 1262 1196 1351 τριήρεας
1216 1268 1283 1329 εἰσ·
1299 1298 1331 1337 ι.

193 1370 291 1451 ἢλθεν
322 1367 368 1441 εἰς
397 1364 452 1442 τὰς
472 1364 590 1450 σκηνδς
619 1360 691 1449 ήιοι
714 1364 914 1449 παρεμβολὰς
945 1363 1002 1445 τδς
1033 1366 1120 1453 αὐτῷ
1137 1386 1284 1450 προετοι-

192 1470 384 1546 μασδείσας,
407 1462 424 1527 6
447 1466 482 1531 di
500 1464 652 1547 βασιλεὺς
674 1468 730 1531 καί
748 1462 776 1531 οἱ
800 1464 865 1531 οἱοὶ
882 1466 985 1531 adsoni
1004 1462 1095 1531 ἔνδον
1117 1467 1178 1529 τῶν
1197 1465 1283 1549 τριή-

193 1589 275 1651 ρεαν
296 1558 408 1650 ήσδιον
438 1562 493 1629 καὶ
513 1564 638 1644 ἔπινον,
659 1566 717 1629 καί
746 1562 922 1643 α’ποστολδς
940 1568 1116 1653 τροφίμους
1136 1558 1182 1639 εἷς
1204 1562 1283 1649 πρὸς

191 1662 246 1729 τδν
265 1667 372 1749 ἕτερον
390 1664 589 1732 ἀπέστελλον.
644 1662 721 1747 περὶ
750 1657 885 1730 οὖντὸν
915 1660 1080 1749 ἑσπερινόν
1105 1662 1123 1727 6
1153 1664 1284 1750 α’μηριῖς

192 1760 330 1851 ἔφιππος
349 1766 472 1849 duit&
493 1764 549 1831 καί
570 1764 601 1829 οἱ
620 1763 681 1831 otis
702 1764 791 1853 adrui
810 1765 863 1829 διδ
883 1768 937 1849 τής
957 1763 1037 1829 ὁδοῦ
1055 1764 1109 1851 τής
1130 1766 1206 1847 περὶ
1223 1762 1307 1847 τήνι

193 1862 410 1948 Νικομήδειαν
435 1863 614 1950 φερούσης,
646 1862 665 1929 6
697 1866 733 1930 δὲ
760 1862 911 1947 βασιλεῦς
936 1867 991 1931 soi
1019 1860 1050 1931 οἱ
1081 1862 1146 1928 utut
1177 1862 1284 1929 ου’τοδ

192 1964 337 2045 α’πήλθον
356 1958 474 2027 οἴκαδε.
1202 2024 1208 2041 ,

264 2064 329 2127 ’ὄιλ
374 2065 425 2149 Tui
447 2063 482 2127 di
503 2058 577 2143 ἔαρι
591 2064 650 2127 τοῦ
668 2061 769 2129 usitari
788 2062 877 2139 ἔτους
897 2067 1137 2150 ἐπαναστρδφιας
1157 2062 1174 2129 6
1198 2064 1284 2153 δμη-

190 2164 249 2242 ριῖς
268 2162 315 2237 εἰς
335 2158 394 2245 τήν
423 2159 517 2225 δυ’σιν
549 2159 603 2226 διδ
627 2164 686 2245 τής
712 2161 792 2227 δδοδ
815 2166 871 2248 τῆς
893 2162 1158 2240 Καλλιουπδλεως
1179 2164 1284 2249 οἷπῆλ-

189 2264 248 2324 θεν
270 2260 316 2336 εἰς
340 2258 396 2344 τήν
412 2254 723 2345 Ἀνδριανοδπολιν·
765 2258 782 2327 6
805 2264 840 2329 di
859 2261 1012 2347 βασιλευς
1031 2261 1201 2346 ἑτοιμάσας
1225 2262 1335 2334 aduno

191 2356 369 2443 Λεοντάριν
390 2356 575 2447 Δημήτριον
599 2359 679 2447 πρὸς
699 2364 816 2429 ἐκεῖνον
836 2366 1031 2447 α’πέστειλεν,
1051 2363 1104 2428 ἵνα
1124 2368 1199 2449 περὶ
1218 2366 1282 2429 τῶν

191 2460 474 2543 προμελετονμδνοιν
502 2460 593 2549 μδθη
623 2463 679 2529 καὶ
704 2464 790 2553 odaei
819 2460 1018 2552 ⁷19⁰W¹5⁰is
1040 2460 1077 2529 δ’
1096 2466 1152 2529 ⁸⁰¹3
1172 2465 1280 2553 ἕλὲδξδ

259 2644 283 2693 3.
303 2644 384 2719 περὶ]
404 2643 527 2706 urire
613 2646 871 2733 φΣκοδτιιριςΜ1
952 2651 992 2704 15.
1012 2646 1078 2703 ini?
1141 2648 1280 2771 ετιλδὸὲή

259 2714 339 2767 aee
427 2717 696 2789 ἐπαναστρέψαντος
712 2736 759 2773 του
777 2718 871 2791 δμηρα
889 2718 918 2771 bi
1004 2733 1045 2769 aa.
1062 2720 1112 2772 καλ
1128 2738 1167 2779 υς
1182 2722 1242 2793 λίξη

189 2881 303 2935 ducibus
327 2891 355 2936 et
379 2884 514 2939 militibus
543 2886 755 2958 muneribusque
778 2890 865 2955 regiia.
889 2889 959 2939 circa
982 2886 1107 2939 Cutuium
1135 2888 1209 2941 obvii
1236 2890 1281 2941 fa.

188 2954 236 3018 eti,
252 2956 389 3024 prosecuti
407 2966 468 3009 eum
482 2968 546 3010 sunt
564 2959 599 3010 sd
616 2958 753 3029 duplicem
770 2960 934 3011 columnam:
953 2974 1007 3028 qun
1025 2968 1083 3011 toto
1102 2960 1200 3011 itinere
1220 2978 1280 3013 τοι·-

187 3041 295 3076 ιαοαεια
313 3042 416 3079 amcrua
435 3027 593 3081 conserebat
608 3048 668 3082 cum
683 3030 818 3083 Leontari.
834 3030 894 3081 ittic
905 3031 985 3083 etiam
1005 3030 1149 3099 imperator
1167 3038 1196 3083 et
1218 3034 1280 3084 eius

187 3095 239 3147 tilii
256 3096 284 3147 io
301 3098 402 3149 triremi
421 3098 548 3162 aderant,
566 3118 626 3153 cum
644 3102 697 3153 alia
716 3102 818 3154 triremi
835 3102 910 3154 cisitu
929 3098 1011 3169 regali
1029 3108 1130 3163 ornata,
1149 3118 1204 3170 qua
1217 3102 1281 3153 Me-

187 3165 308 3218 bemetes
335 3168 488 3221 veheretur.
516 3186 574 3222 eam
591 3179 736 3241 postquam
754 3170 912 3225 conscendit
930 3188 1048 3235 arueras,
1065 3172 1180 3223 invicem
1198 3190 1228 3225 se
1249 3174 1280 3226 in

185 3238 254 3289 mari
280 3239 498 3302 consalutatum,
519 3241 549 3293 in
565 3258 614 3293 aua
631 3244 747 3313 quisque
769 3244 872 3295 triremi
889 3244 967 3295 vecti.
989 3242 1081 3313 itaque
1101 3243 1173 3295 inter
1189 3243 1280 3295 colio-

187 3308 325 3379 queudum
342 3310 378 3361 ad
394 3312 474 3362 Asiae
487 3327 536 3363 seu
555 3312 669 3365 orientis
687 3312 752 3367 litua
771 3320 959 3383 pervenerunt,
978 3311 1025 3367 ubi
1042 3312 1106 3365 urbs
1131 3322 1186 3379 est,
1205 3332 1279 3385 quae

186 3380 261 3447 prius
279 3380 470 3450 Chrysopolis,
495 3399 568 3435 nunc
593 3383 699 3436 &utari
720 3384 825 3436 dicitur.
852 3383 891 3437 ibi
908 3400 1011 3437 arueras
1030 3401 1045 3435 e
1066 3386 1168 3437 triremi
1186 3402 1280 3454 agres-

188 3466 243 3512 sua,
259 3451 289 3501 in
307 3453 424 3505 tentoria
443 3454 499 3505 aive
516 3452 690 3506 tabernacula
702 3455 754 3507 sibi
774 3463 868 3526 parata
885 3456 1033 3521 coucecrit3
1050 3454 1196 3525 imperator
1216 3474 1281 3511 cum

188 3520 252 3572 tiliis
270 3522 299 3572 in
317 3523 471 3576 triremibus
488 3523 588 3576 edebat
604 3542 635 3576 ac
651 3524 777 3579 bibebat:
805 3535 887 3596 atque
913 3526 1028 3578 invicem
1047 3525 1099 3578 sibi
1117 3538 1207 3597 partes
1229 3528 1281 3581 dc-

188 3588 282 3641 iicatas
302 3592 456 3648 mittebant.
474 3594 523 3646 rub
551 3612 687 3665 vesperam
709 3613 829 3659 arueras,
857 3614 927 3669 equo
945 3596 1083 3662 insidens,
1105 3606 1133 3651 et
1151 3600 1199 3667 qui
1217 3616 1281 3653 eum

188 3662 397 3783 comitadbantur,
419 3665 604 3719 Nicomediam
629 3685 723 3721 versus
743 3666 886 3734 abierunt,
903 3670 1048 3739 imperator
1066 3686 1126 3721 cum
1141 3670 1205 3726 filiis
1225 3670 1281 3723 do-

188 3746 261 3781 mum
299 3733 411 3786 iacessit.

260 3804 303 3855 38.
337 3804 409 3856 Vere
435 3806 555 3861 eiusdem
583 3808 649 3859 anni
674 3815 812 3859 revertens
841 3824 943 3861 amerus
967 3809 996 3861 iu
1014 3808 1196 3873 occidentem,
1214 3810 1281 3875 via,

188 3885 260 3939 quae
278 3880 351 3926 trans
369 3875 541 3946 Calliopoiim
559 3877 650 3941 ducit,
675 3876 883 3950 Adrinnopoiim
906 3881 1043 3949 profectur
1062 3888 1110 3931 est
1130 3880 1282 3949 imperator

189 3940 225 3992 ad
243 3958 305 3993 eum
328 3946 468 4015 expedivit
494 3950 662 4001 Demetrium
685 3949 854 4013 Leontinum,
881 3958 927 4013 ut,
947 3967 1016 4019 quae
1036 3952 1131 4003 inisset
1148 3952 1280 4018 consilia,

189 4024 364 4080 cognosceret
377 4016 485 4087 sibique
511 4019 697 4084 renuntiaret,
728 4036 845 4091 eumque
867 4020 902 4072 de
920 4023 1003 4090 gratia
1021 4022 1187 4085 ethonore,
1206 4040 1281 4091 quae

189 4082 216 4134 ei
231 4086 425 4153 praestitisset,
447 4097 476 4139 et
501 4087 540 4157 de
556 4091 754 4143 transvectione
779 4100 918 4157 moneret,
943 4090 1048 4163 legatus
1069 4102 1126 4145 tum
1144 4110 1281 4163 personae
